time,price,pchange,change,volume,amount,type
15:00:03,8.19,+1.11,0.0,528,432432,sell
14:57:00,8.19,+1.11,0.0,0,0,sell
14:56:51,8.19,+1.11,0.0,6,4914,sell
14:56:48,8.19,+1.11,0.01,25,20475,buy
14:56:45,8.18,+0.99,-0.01,18,14724,sell
14:56:39,8.19,+1.11,0.0,6,4914,sell
14:56:36,8.19,+1.11,0.0,6,4914,sell
14:56:24,8.19,+1.11,0.01,23,18837,buy
14:56:21,8.18,+0.99,-0.01,6,4908,sell
14:56:06,8.19,+1.11,0.01,5,4095,buy
14:56:00,8.18,+0.99,0.0,6,4908,sell
14:55:54,8.18,+0.99,-0.02,12,9816,sell
14:55:33,8.2,+1.23,0.02,271,222220,buy
14:55:27,8.18,+0.99,0.0,41,33538,sell
14:55:18,8.18,+0.99,0.01,1,818,sell
14:55:12,8.17,+0.86,0.0,20,16340,sell
14:55:09,8.17,+0.86,-0.03,8,6536,sell
14:55:06,8.2,+1.23,0.02,500,410000,buy
14:54:48,8.18,+0.99,0.0,35,28630,buy
14:54:39,8.18,+0.99,0.0,113,92434,buy
14:54:36,8.18,+0.99,0.0,2,1636,buy
14:54:21,8.18,+0.99,0.0,20,16360,buy
14:54:18,8.18,+0.99,0.0,54,44172,sell
14:54:03,8.18,+0.99,0.0,1,818,sell
14:54:00,8.18,+0.99,0.0,7,5726,sell
14:53:57,8.18,+0.99,-0.01,460,376280,sell
14:53:51,8.19,+1.11,0.0,2,1638,buy
14:53:42,8.19,+1.11,0.0,1,819,buy
14:53:39,8.19,+1.11,0.0,6,4914,buy
14:53:36,8.19,+1.11,0.0,82,67158,sell
14:53:27,8.19,+1.11,0.0,139,113841,sell
14:53:24,8.19,+1.11,0.01,485,397215,buy
14:53:21,8.18,+0.99,-0.01,15,12270,sell
14:52:51,8.19,+1.11,0.0,20,16380,buy
14:52:45,8.19,+1.11,0.01,20,16380,buy
14:52:42,8.18,+0.99,0.0,200,163600,sell
14:52:36,8.18,+0.99,0.0,12,9816,norm
14:52:36,8.18,+0.99,0.0,12,9816,sell
14:52:30,8.18,+0.99,0.0,10,8180,sell
14:52:27,8.18,+0.99,-0.01,40,32720,sell
14:52:24,8.19,+1.11,0.01,50,40950,buy
14:51:54,8.18,+0.99,-0.01,16,13088,sell
14:51:42,8.19,+1.11,0.01,3,2457,buy
14:51:39,8.18,+0.99,0.0,30,24540,sell
14:51:36,8.18,+0.99,-0.01,10,8180,sell
14:51:15,8.19,+1.11,0.01,1,819,buy
14:51:09,8.18,+0.99,0.0,27,22086,buy
14:51:06,8.18,+0.99,0.0,343,280574,sell
14:51:03,8.18,+0.99,0.0,30,24540,sell
14:50:18,8.18,+0.99,0.0,5,4090,sell
14:50:00,8.18,+0.99,0.0,5,4090,sell
14:49:57,8.18,+0.99,0.01,80,65440,buy
14:49:51,8.17,+0.86,0.0,10,8170,sell
14:49:48,8.17,+0.86,0.0,73,59641,sell
14:49:42,8.17,+0.86,-0.01,15,12255,sell
14:49:27,8.18,+0.99,0.0,32,26176,buy
14:49:18,8.18,+0.99,0.0,10,8180,buy
14:49:15,8.18,+0.99,0.0,2,1636,buy
14:49:09,8.18,+0.99,0.0,20,16360,buy
14:49:03,8.18,+0.99,0.0,168,137424,sell
14:49:00,8.18,+0.99,0.0,100,81800,sell
14:48:51,8.18,+0.99,-0.01,111,90798,sell
14:48:45,8.19,+1.11,0.01,20,16380,buy
14:48:33,8.18,+0.99,0.0,6,4908,sell
14:48:30,8.18,+0.99,0.0,10,8180,sell
14:48:21,8.18,+0.99,-0.01,34,27812,sell
14:48:15,8.19,+1.11,0.01,17,13923,buy
14:48:12,8.18,+0.99,0.0,10,8180,sell
14:47:57,8.18,+0.99,-0.01,12,9816,sell
14:47:51,8.19,+1.11,-0.01,218,178542,sell
14:47:48,8.2,+1.23,0.01,11,9020,buy
14:47:33,8.19,+1.11,-0.01,8,6552,sell
14:47:21,8.2,+1.23,0.01,18,14760,buy
14:47:15,8.19,+1.11,0.0,5,4095,sell
14:47:12,8.19,+1.11,0.0,10,8190,sell
14:46:57,8.19,+1.11,0.0,38,31122,sell
14:46:30,8.19,+1.11,0.0,10,8190,sell
14:46:27,8.19,+1.11,0.0,6,4914,sell
14:46:24,8.19,+1.11,-0.01,22,18018,sell
14:46:21,8.2,+1.23,0.01,69,56580,buy
14:45:57,8.19,+1.11,0.0,9,7371,sell
14:45:42,8.19,+1.11,-0.01,4,3276,sell
14:45:39,8.2,+1.23,0.0,114,93480,buy
14:45:21,8.2,+1.23,0.01,18,14760,buy
14:45:12,8.19,+1.11,0.0,21,17199,sell
14:45:12,8.19,+1.11,0.0,21,17199,norm
14:45:12,8.19,+1.11,0.0,21,17199,sell
14:44:45,8.19,+1.11,0.0,30,24570,sell
14:44:39,8.19,+1.11,0.0,3,2457,sell
14:44:36,8.19,+1.11,0.0,129,105651,sell
14:44:33,8.19,+1.11,0.0,10,8190,sell
14:44:30,8.19,+1.11,0.0,2,1638,sell
14:44:27,8.19,+1.11,-0.01,5,4095,sell
14:44:24,8.2,+1.23,0.0,16,13120,buy
14:44:21,8.2,+1.23,0.01,20,16400,buy
14:44:12,8.19,+1.11,0.0,15,12285,sell
14:43:57,8.19,+1.11,-0.01,9,7371,sell
14:43:51,8.2,+1.23,0.01,83,68060,buy
14:43:48,8.19,+1.11,-0.01,5,4095,sell
14:43:24,8.2,+1.23,0.0,1,820,buy
14:43:15,8.2,+1.23,0.01,19,15580,buy
14:43:03,8.19,+1.11,0.0,1,819,sell
14:43:00,8.19,+1.11,0.0,15,12285,sell
14:42:54,8.19,+1.11,-0.01,40,32760,sell
14:42:51,8.2,+1.23,0.01,1,820,buy
14:42:33,8.19,+1.11,-0.01,60,49140,sell
14:42:27,8.2,+1.23,0.01,19,15580,buy
14:42:21,8.19,+1.11,-0.01,56,45864,sell
14:42:15,8.2,+1.23,0.01,20,16400,buy
14:41:57,8.19,+1.11,0.0,9,7371,sell
14:41:48,8.19,+1.11,0.0,35,28665,sell
14:41:45,8.19,+1.11,0.0,5,4095,sell
14:41:42,8.19,+1.11,0.0,92,75348,buy
14:41:30,8.19,+1.11,0.01,1,819,buy
14:41:21,8.18,+0.99,-0.01,27,22086,sell
14:41:12,8.19,+1.11,0.01,20,16380,buy
14:40:36,8.18,+0.99,0.0,21,17178,sell
14:40:18,8.18,+0.99,0.0,56,45808,sell
14:40:15,8.18,+0.99,-0.01,226,184868,sell
14:40:12,8.19,+1.11,0.0,3,2457,buy
14:40:09,8.19,+1.11,0.01,10,8190,buy
14:39:57,8.18,+0.99,-0.01,9,7362,sell
14:39:51,8.19,+1.11,0.01,79,64701,buy
14:39:45,8.18,+0.99,-0.01,50,40900,sell
14:39:24,8.19,+1.11,0.01,1,819,buy
14:39:18,8.18,+0.99,-0.01,11,8998,sell
14:39:12,8.19,+1.11,0.0,10,8190,buy
14:39:00,8.19,+1.11,0.0,5,4095,buy
14:38:57,8.19,+1.11,0.0,8,6552,buy
14:38:45,8.19,+1.11,0.0,180,147420,sell
14:38:42,8.19,+1.11,0.0,25,20475,sell
14:38:30,8.19,+1.11,0.0,12,9828,sell
14:38:15,8.19,+1.11,0.0,6,4914,sell
14:38:12,8.19,+1.11,-0.01,430,352170,sell
14:38:06,8.2,+1.23,0.01,220,180400,buy
14:38:03,8.19,+1.11,-0.01,5,4095,sell
14:38:00,8.2,+1.23,0.0,515,422300,buy
14:37:57,8.2,+1.23,0.01,1046,857720,buy
14:37:48,8.19,+1.11,0.0,60,49140,sell
14:37:39,8.19,+1.11,0.0,10,8190,norm
14:37:39,8.19,+1.11,0.0,10,8190,sell
14:37:33,8.19,+1.11,0.01,42,34398,buy
14:37:27,8.18,+0.99,-0.02,40,32720,sell
14:37:18,8.2,+1.23,0.0,20,16400,buy
14:37:15,8.2,+1.23,0.01,100,82000,buy
14:37:12,8.19,+1.11,0.0,10,8190,norm
14:37:00,8.19,+1.11,0.01,20,16380,norm
14:36:39,8.18,+0.99,0.0,11,8998,sell
14:36:27,8.18,+0.99,-0.01,105,85890,sell
14:36:24,8.19,+1.11,0.0,10,8190,sell
14:36:21,8.19,+1.11,0.0,10,8190,sell
14:36:15,8.19,+1.11,0.01,8,6552,buy
14:36:06,8.18,+0.99,0.0,15,12270,sell
14:36:03,8.18,+0.99,-0.01,1,818,sell
14:35:57,8.19,+1.11,0.0,1,819,sell
14:35:42,8.19,+1.11,0.01,9,7371,buy
14:35:30,8.18,+0.99,-0.01,29,23722,sell
14:35:27,8.19,+1.11,0.0,10,8190,buy
14:35:15,8.19,+1.11,0.0,6,4914,buy
14:35:12,8.19,+1.11,0.0,20,16380,buy
14:34:48,8.19,+1.11,0.0,51,41769,sell
14:34:36,8.19,+1.11,0.0,50,40950,sell
14:34:33,8.19,+1.11,0.0,4,3276,sell
14:34:18,8.19,+1.11,0.0,240,196560,sell
14:34:12,8.19,+1.11,0.0,10,8190,sell
14:34:06,8.19,+1.11,0.0,14,11466,sell
14:34:03,8.19,+1.11,0.0,5,4095,sell
14:34:00,8.19,+1.11,0.0,11,9009,sell
14:33:57,8.19,+1.11,0.0,9,7371,sell
14:33:54,8.19,+1.11,-0.01,20,16380,sell
14:33:42,8.2,+1.23,0.01,50,41000,buy
14:33:39,8.19,+1.11,-0.01,5,4095,sell
14:33:36,8.2,+1.23,0.0,10,8200,buy
14:33:30,8.2,+1.23,0.01,20,16400,buy
14:32:57,8.19,+1.11,-0.01,8,6552,sell
14:32:54,8.2,+1.23,0.01,40,32800,buy
14:32:42,8.19,+1.11,-0.01,3,2457,sell
14:32:39,8.2,+1.23,0.0,24,19680,buy
14:32:21,8.2,+1.23,0.01,1,820,buy
14:32:15,8.19,+1.11,0.0,40,32760,sell
14:31:57,8.19,+1.11,0.0,9,7371,sell
14:31:54,8.19,+1.11,0.0,56,45864,sell
14:31:39,8.19,+1.11,0.0,100,81900,sell
14:31:36,8.19,+1.11,0.0,50,40950,sell
14:31:24,8.19,+1.11,0.0,6,4914,sell
14:31:21,8.19,+1.11,0.0,8,6552,sell
14:31:18,8.19,+1.11,0.01,356,291564,buy
14:31:03,8.18,+0.99,0.0,1,818,sell
14:30:57,8.18,+0.99,0.0,50,40900,sell
14:30:39,8.18,+0.99,0.0,99,80982,sell
14:30:27,8.18,+0.99,0.0,15,12270,sell
14:29:57,8.18,+0.99,0.0,18,14724,norm
14:29:57,8.18,+0.99,-0.01,18,14724,sell
14:29:51,8.19,+1.11,0.0,30,24570,buy
14:29:48,8.19,+1.11,0.0,14,11466,buy
14:29:27,8.19,+1.11,0.0,4,3276,buy
14:29:12,8.19,+1.11,0.0,10,8190,buy
14:28:51,8.19,+1.11,0.0,4,3276,buy
14:28:48,8.19,+1.11,0.01,55,45045,buy
14:28:42,8.18,+0.99,0.0,65,53170,sell
14:28:24,8.18,+0.99,0.0,67,54806,sell
14:28:09,8.18,+0.99,0.0,5,4090,sell
14:28:06,8.18,+0.99,0.0,10,8180,sell
14:27:57,8.18,+0.99,-0.01,12,9816,sell
14:27:54,8.19,+1.11,0.0,37,30303,buy
14:27:45,8.19,+1.11,0.01,10,8190,buy
14:27:42,8.18,+0.99,0.0,15,12270,sell
14:27:39,8.18,+0.99,-0.01,6,4908,sell
14:27:36,8.19,+1.11,0.01,75,61425,buy
14:27:03,8.18,+0.99,0.0,6,4908,sell
14:27:00,8.18,+0.99,-0.01,50,40900,sell
14:26:48,8.19,+1.11,0.01,50,40950,buy
14:26:42,8.18,+0.99,0.0,3,2454,sell
14:26:39,8.18,+0.99,-0.01,70,57260,sell
14:26:36,8.19,+1.11,0.0,15,12285,buy
14:26:33,8.19,+1.11,0.01,7,5733,buy
14:26:24,8.18,+0.99,-0.01,12,9816,sell
14:26:18,8.19,+1.11,0.01,14,11466,buy
14:26:03,8.18,+0.99,-0.01,11,8998,sell
14:26:00,8.19,+1.11,0.01,10,8190,buy
14:25:57,8.18,+0.99,-0.01,9,7362,sell
14:25:54,8.19,+1.11,0.01,29,23751,buy
14:25:45,8.18,+0.99,-0.01,5,4090,sell
14:25:42,8.19,+1.11,0.0,107,87633,buy
14:25:21,8.19,+1.11,0.0,10,8190,buy
14:25:09,8.19,+1.11,0.0,2,1638,buy
14:25:03,8.19,+1.11,0.01,100,81900,buy
14:24:57,8.18,+0.99,-0.01,15,12270,sell
14:24:48,8.19,+1.11,0.0,5,4095,buy
14:24:42,8.19,+1.11,0.0,11,9009,buy
14:24:39,8.19,+1.11,0.01,54,44226,buy
14:24:24,8.18,+0.99,0.0,5,4090,sell
14:24:21,8.18,+0.99,-0.01,50,40900,sell
14:24:18,8.19,+1.11,0.01,102,83538,buy
14:24:03,8.18,+0.99,0.0,1,818,sell
14:23:57,8.18,+0.99,0.0,9,7362,sell
14:23:48,8.18,+0.99,0.0,14,11452,sell
14:23:36,8.18,+0.99,-0.01,5,4090,sell
14:23:33,8.19,+1.11,0.0,59,48321,buy
14:23:30,8.19,+1.11,0.01,20,16380,buy
14:23:24,8.18,+0.99,-0.01,11,8998,sell
14:23:21,8.19,+1.11,0.01,16,13104,buy
14:23:18,8.18,+0.99,-0.01,200,163600,sell
14:23:09,8.19,+1.11,0.0,10,8190,buy
14:22:27,8.19,+1.11,0.0,20,16380,norm
14:22:27,8.19,+1.11,0.0,20,16380,buy
14:22:18,8.19,+1.11,0.01,42,34398,buy
14:21:57,8.18,+0.99,-0.01,9,7362,norm
14:21:36,8.19,+1.11,0.0,10,8190,buy
14:21:33,8.19,+1.11,0.02,10,8190,buy
14:21:27,8.17,+0.86,0.0,2,1634,sell
14:21:24,8.17,+0.86,-0.02,9,7353,sell
14:21:18,8.19,+1.11,0.02,20,16380,buy
14:21:03,8.17,+0.86,-0.02,7,5719,sell
14:21:00,8.19,+1.11,0.01,300,245700,buy
14:20:57,8.18,+0.99,0.01,43,35174,buy
14:20:51,8.17,+0.86,0.0,30,24510,sell
14:20:45,8.17,+0.86,0.0,11,8987,sell
14:20:36,8.17,+0.86,-0.01,1,817,sell
14:20:24,8.18,+0.99,0.01,29,23722,buy
14:19:57,8.17,+0.86,-0.01,9,7353,sell
14:19:54,8.18,+0.99,0.0,3,2454,buy
14:19:51,8.18,+0.99,0.01,5,4090,buy
14:19:36,8.17,+0.86,0.0,15,12255,sell
14:19:27,8.17,+0.86,-0.01,51,41667,sell
14:19:15,8.18,+0.99,0.0,6,4908,sell
14:19:03,8.18,+0.99,0.0,106,86708,sell
14:18:57,8.18,+0.99,0.0,26,21268,sell
14:18:54,8.18,+0.99,-0.01,12,9816,sell
14:18:51,8.19,+1.11,0.01,42,34398,buy
14:18:45,8.18,+0.99,0.0,3,2454,sell
14:18:15,8.18,+0.99,0.0,1,818,sell
14:18:06,8.18,+0.99,0.0,11,8998,sell
14:18:03,8.18,+0.99,-0.01,1,818,sell
14:18:00,8.19,+1.11,0.01,19,15561,buy
14:17:57,8.18,+0.99,0.0,9,7362,sell
14:17:48,8.18,+0.99,-0.01,5,4090,sell
14:17:45,8.19,+1.11,0.0,40,32760,buy
14:17:33,8.19,+1.11,0.01,139,113841,buy
14:17:24,8.18,+0.99,-0.01,10,8180,sell
14:17:18,8.19,+1.11,0.01,18,14742,buy
14:17:15,8.18,+0.99,0.0,6,4908,sell
14:17:06,8.18,+0.99,0.0,10,8180,sell
14:16:42,8.18,+0.99,0.0,15,12270,sell
14:16:30,8.18,+0.99,0.0,3,2454,sell
14:16:15,8.18,+0.99,0.0,20,16360,sell
14:16:00,8.18,+0.99,0.0,27,22086,sell
14:15:57,8.18,+0.99,0.0,12,9816,sell
14:15:45,8.18,+0.99,0.0,5,4090,sell
14:15:27,8.18,+0.99,0.0,11,8998,norm
14:15:27,8.18,+0.99,-0.01,11,8998,sell
14:14:54,8.19,+1.11,0.0,1,819,buy
14:14:48,8.19,+1.11,0.0,6,4914,buy
14:14:45,8.19,+1.11,0.0,47,38493,sell
14:14:42,8.19,+1.11,0.0,78,63882,sell
14:14:33,8.19,+1.11,0.0,5,4095,sell
14:14:18,8.19,+1.11,0.0,11,9009,sell
14:14:15,8.19,+1.11,0.0,17,13923,sell
14:14:12,8.19,+1.11,0.01,193,158067,buy
14:14:06,8.18,+0.99,0.0,24,19632,sell
14:14:03,8.18,+0.99,0.0,3,2454,sell
14:14:00,8.18,+0.99,0.0,14,11452,sell
14:13:57,8.18,+0.99,-0.01,9,7362,sell
14:13:42,8.19,+1.11,0.0,20,16380,sell
14:13:36,8.19,+1.11,0.0,6,4914,sell
14:13:30,8.19,+1.11,-0.01,3,2457,sell
14:13:18,8.2,+1.23,0.01,20,16400,buy
14:13:12,8.19,+1.11,0.0,1,819,sell
14:13:09,8.19,+1.11,0.0,51,41769,sell
14:13:06,8.19,+1.11,0.0,1,819,sell
14:13:03,8.19,+1.11,0.0,101,82719,sell
14:12:57,8.19,+1.11,0.0,7,5733,sell
14:12:54,8.19,+1.11,0.0,300,245700,sell
14:12:48,8.19,+1.11,0.0,11,9009,sell
14:12:45,8.19,+1.11,0.0,21,17199,sell
14:12:39,8.19,+1.11,0.0,5,4095,sell
14:12:15,8.19,+1.11,-0.01,4,3276,sell
14:12:12,8.2,+1.23,0.01,300,246000,buy
14:12:06,8.19,+1.11,0.0,10,8190,sell
14:12:03,8.19,+1.11,0.01,902,738738,buy
14:11:57,8.18,+0.99,0.0,9,7362,sell
14:11:24,8.18,+0.99,0.0,10,8180,sell
14:11:15,8.18,+0.99,0.0,5,4090,sell
14:11:12,8.18,+0.99,-0.01,388,317384,sell
14:10:57,8.19,+1.11,0.01,1,819,buy
14:10:54,8.18,+0.99,0.0,1,818,sell
14:10:39,8.18,+0.99,-0.01,54,44172,sell
14:10:27,8.19,+1.11,0.01,1,819,buy
14:10:09,8.18,+0.99,0.0,12,9816,sell
14:09:57,8.18,+0.99,-0.01,9,7362,sell
14:09:54,8.19,+1.11,0.01,23,18837,buy
14:09:51,8.18,+0.99,0.0,20,16360,sell
14:09:33,8.18,+0.99,0.0,2,1636,sell
14:09:15,8.18,+0.99,0.0,22,17996,sell
14:09:03,8.18,+0.99,0.0,13,10634,sell
14:09:00,8.18,+0.99,0.0,5,4090,sell
14:08:57,8.18,+0.99,0.0,6,4908,sell
14:08:45,8.18,+0.99,-0.02,18,14724,sell
14:08:42,8.2,+1.23,0.02,61,50020,buy
14:08:33,8.18,+0.99,0.0,6,4908,sell
14:08:27,8.18,+0.99,0.0,16,13088,sell
14:07:57,8.18,+0.99,0.0,15,12270,norm
14:07:57,8.18,+0.99,0.0,15,12270,sell
14:07:51,8.18,+0.99,-0.02,25,20450,sell
14:07:42,8.2,+1.23,0.0,79,64780,buy
14:07:36,8.2,+1.23,0.01,127,104140,buy
14:07:30,8.19,+1.11,0.0,25,20565,sell
14:07:27,8.19,+1.11,0.0,15,12285,sell
14:07:24,8.19,+1.11,0.0,30,24570,sell
14:07:21,8.19,+1.11,0.0,50,40950,sell
14:07:18,8.19,+1.11,0.0,6,4914,sell
14:07:15,8.19,+1.11,0.0,5,4095,sell
14:07:09,8.19,+1.11,0.0,6,4914,sell
14:07:00,8.19,+1.11,0.0,5,4095,sell
14:06:57,8.19,+1.11,-0.01,84,68796,sell
14:06:54,8.2,+1.23,0.0,231,189420,buy
14:06:51,8.2,+1.23,0.0,22,18040,buy
14:06:39,8.2,+1.23,0.0,31,25420,buy
14:06:33,8.2,+1.23,0.01,15,12300,buy
14:06:27,8.19,+1.11,-0.01,5,4095,sell
14:06:24,8.2,+1.23,0.01,64,52480,buy
14:06:21,8.19,+1.11,0.0,85,69615,sell
14:06:18,8.19,+1.11,0.0,21,17199,sell
14:06:12,8.19,+1.11,0.0,30,24570,sell
14:06:09,8.19,+1.11,0.0,33,27027,sell
14:06:03,8.19,+1.11,-0.01,1,819,sell
14:05:57,8.2,+1.23,0.01,309,253380,buy
14:05:54,8.19,+1.11,0.0,36,29484,sell
14:05:51,8.19,+1.11,-0.01,7,5733,sell
14:05:48,8.2,+1.23,0.01,305,250100,buy
14:05:42,8.19,+1.11,-0.01,123,100737,sell
14:05:39,8.2,+1.23,0.01,46,37720,buy
14:05:30,8.19,+1.11,0.0,1,819,sell
14:05:12,8.19,+1.11,0.0,36,30213,buy
14:05:09,8.19,+1.11,0.0,1,819,buy
14:05:03,8.19,+1.11,0.0,21,17199,buy
14:04:57,8.19,+1.11,0.0,16,13104,buy
14:04:48,8.19,+1.11,0.0,124,101556,buy
14:04:45,8.19,+1.11,0.0,180,147420,buy
14:04:39,8.19,+1.11,0.0,186,152334,buy
14:04:33,8.19,+1.11,0.0,23,18837,buy
14:04:27,8.19,+1.11,0.01,173,141687,buy
14:04:18,8.18,+0.99,0.01,2,1636,norm
14:04:06,8.17,+0.86,-0.02,14,11438,sell
14:04:03,8.19,+1.11,0.03,1227,1004913,buy
14:03:57,8.16,+0.74,-0.02,9,7344,sell
14:03:48,8.18,+0.99,0.02,100,81800,buy
14:03:36,8.16,+0.74,-0.02,6,4896,sell
14:03:33,8.18,+0.99,0.0,240,196320,buy
14:03:21,8.18,+0.99,0.0,1,818,buy
14:03:12,8.18,+0.99,0.0,173,141514,buy
14:03:03,8.18,+0.99,0.02,69,56442,buy
14:03:00,8.16,+0.74,0.0,9,7344,buy
14:02:51,8.16,+0.74,0.0,2,1632,buy
14:02:42,8.16,+0.74,0.01,8,6528,buy
14:02:39,8.15,+0.62,-0.01,38,30970,sell
14:02:36,8.16,+0.74,-0.02,138,112608,sell
14:02:27,8.18,+0.99,0.0,15,12270,buy
14:02:18,8.18,+0.99,0.0,20,16360,buy
14:02:09,8.18,+0.99,0.0,20,16360,buy
14:02:06,8.18,+0.99,0.0,20,16360,buy
14:01:57,8.18,+0.99,0.0,24,19632,buy
14:01:42,8.18,+0.99,0.0,10,8180,buy
14:01:27,8.18,+0.99,0.0,2,1636,buy
14:01:15,8.18,+0.99,0.0,27,22086,buy
14:01:12,8.18,+0.99,0.0,19,15542,buy
14:00:51,8.18,+0.99,0.01,1,818,buy
14:00:48,8.17,+0.86,0.0,49,40033,buy
14:00:42,8.17,+0.86,0.0,1,817,buy
14:00:30,8.17,+0.86,0.0,3,2451,norm
14:00:30,8.17,+0.86,0.01,3,2451,buy
14:00:06,8.16,+0.74,0.0,1,816,sell
13:59:21,8.16,+0.74,0.0,100,81600,sell
13:59:03,8.16,+0.74,-0.01,6,4896,sell
13:58:57,8.17,+0.86,0.0,10,8170,buy
13:58:51,8.17,+0.86,0.0,10,8170,buy
13:58:48,8.17,+0.86,0.0,3,2451,buy
13:58:24,8.17,+0.86,0.0,1,817,buy
13:57:51,8.17,+0.86,-0.01,3,2451,norm
13:57:12,8.18,+0.99,0.03,2,1636,buy
13:57:03,8.15,+0.62,0.0,20,16300,sell
13:56:48,8.15,+0.62,0.0,12,9780,sell
13:56:33,8.15,+0.62,-0.03,10,8150,sell
13:56:30,8.18,+0.99,0.03,490,400820,buy
13:56:18,8.15,+0.62,-0.02,4,3260,sell
13:56:15,8.17,+0.86,0.02,8,6536,buy
13:55:54,8.15,+0.62,0.0,203,165445,buy
13:55:42,8.15,+0.62,0.0,8,6520,sell
13:55:33,8.15,+0.62,-0.03,5,4075,norm
13:55:30,8.18,+0.99,0.03,244,199592,buy
13:55:06,8.15,+0.62,0.0,2,1630,buy
13:55:00,8.15,+0.62,0.0,1,815,buy
13:54:48,8.15,+0.62,0.01,1,815,buy
13:54:36,8.14,+0.49,-0.01,18,14652,sell
13:54:33,8.15,+0.62,0.0,2,1630,buy
13:54:30,8.15,+0.62,0.0,5,4075,buy
13:54:21,8.15,+0.62,-0.02,186,151590,sell
13:54:12,8.17,+0.86,0.02,33,26961,buy
13:54:09,8.15,+0.62,-0.02,18,14670,sell
13:54:06,8.17,+0.86,0.0,1,817,buy
13:53:51,8.17,+0.86,0.01,3,2451,buy
13:53:45,8.16,+0.74,0.0,10,8160,sell
13:53:42,8.16,+0.74,-0.01,1,816,sell
13:53:15,8.17,+0.86,-0.01,32,26144,norm
13:53:00,8.18,+0.99,-0.01,33,26994,norm
13:53:00,8.18,+0.99,0.02,33,26994,buy
13:52:54,8.16,+0.74,0.0,5,4080,sell
13:52:51,8.16,+0.74,0.0,10,8160,sell
13:52:33,8.16,+0.74,-0.02,2,1632,sell
13:52:30,8.18,+0.99,0.0,150,122700,buy
13:52:15,8.18,+0.99,0.0,4,3272,buy
13:52:12,8.18,+0.99,0.02,33,26994,buy
13:52:03,8.16,+0.74,-0.01,1,816,sell
13:51:57,8.17,+0.86,0.0,13,10621,buy
13:51:54,8.17,+0.86,0.0,2,1634,sell
13:51:51,8.17,+0.86,-0.01,12,9804,norm
13:51:36,8.18,+0.99,0.0,122,99796,buy
13:51:15,8.18,+0.99,0.02,35,28630,buy
13:51:00,8.16,+0.74,-0.01,6,4896,buy
13:50:57,8.17,+0.86,0.0,4,3268,buy
13:50:54,8.17,+0.86,0.01,244,199348,buy
13:50:45,8.16,+0.74,-0.01,41,33456,sell
13:50:30,8.17,+0.86,0.0,50,40850,buy
13:50:12,8.17,+0.86,0.0,24,19608,buy
13:50:09,8.17,+0.86,0.0,36,29412,buy
13:50:00,8.17,+0.86,0.0,3,2451,buy
13:49:15,8.17,+0.86,0.0,4,3268,buy
13:49:06,8.17,+0.86,0.01,38,31046,buy
13:48:57,8.16,+0.74,-0.01,1,816,norm
13:48:30,8.17,+0.86,0.0,13,10621,buy
13:48:27,8.17,+0.86,0.02,25,20425,buy
13:48:15,8.15,+0.62,-0.02,5,4075,sell
13:48:12,8.17,+0.86,0.0,34,27778,buy
13:47:57,8.17,+0.86,0.02,42,34314,buy
13:47:51,8.15,+0.62,-0.01,10,8150,sell
13:47:27,8.16,+0.74,-0.01,1,816,sell
13:47:21,8.17,+0.86,0.02,183,149511,buy
13:46:54,8.15,+0.62,-0.02,1,815,sell
13:46:51,8.17,+0.86,0.01,39,31863,buy
13:46:48,8.16,+0.74,0.0,4,3264,buy
13:46:30,8.16,+0.74,0.0,1,816,buy
13:46:15,8.16,+0.74,0.0,4,3264,buy
13:45:30,8.16,+0.74,0.0,39,31824,norm
13:45:30,8.16,+0.74,0.0,39,31824,buy
13:45:21,8.16,+0.74,0.01,33,26928,buy
13:45:03,8.15,+0.62,0.0,1,815,sell
13:44:54,8.15,+0.62,-0.01,4,3260,sell
13:44:51,8.16,+0.74,0.0,150,122400,buy
13:44:39,8.16,+0.74,0.0,10,8160,buy
13:44:30,8.16,+0.74,0.0,33,26928,buy
13:44:27,8.16,+0.74,0.0,26,21216,sell
13:44:12,8.16,+0.74,0.0,5,4080,sell
13:43:39,8.16,+0.74,-0.01,10,8160,sell
13:43:33,8.17,+0.86,0.01,33,26961,buy
13:43:21,8.16,+0.74,0.0,4,3264,sell
13:43:00,8.16,+0.74,-0.01,5,4080,sell
13:42:27,8.17,+0.86,0.0,21,17157,sell
13:42:12,8.17,+0.86,-0.01,29,23693,sell
13:42:03,8.18,+0.99,0.0,15,12270,buy
13:41:42,8.18,+0.99,0.0,35,28630,buy
13:41:39,8.18,+0.99,0.0,30,24540,buy
13:41:36,8.18,+0.99,0.0,1,818,buy
13:41:27,8.18,+0.99,0.0,4,3272,buy
13:41:21,8.18,+0.99,0.01,34,27812,buy
13:41:18,8.17,+0.86,0.0,12,9804,sell
13:41:06,8.17,+0.86,0.0,30,24510,sell
13:40:45,8.17,+0.86,0.0,5,4085,sell
13:40:42,8.17,+0.86,-0.01,100,81700,sell
13:40:15,8.18,+0.99,0.0,4,3272,buy
13:40:12,8.18,+0.99,0.0,30,24540,buy
13:39:57,8.18,+0.99,0.0,100,81800,buy
13:39:45,8.18,+0.99,0.01,6,4908,buy
13:39:30,8.17,+0.86,-0.01,100,81700,sell
13:39:24,8.18,+0.99,0.0,100,81800,buy
13:39:18,8.18,+0.99,0.0,9,7362,buy
13:39:15,8.18,+0.99,0.0,1,818,buy
13:39:06,8.18,+0.99,0.0,39,31902,buy
13:39:03,8.18,+0.99,0.0,62,50716,buy
13:39:00,8.18,+0.99,0.0,1,818,buy
13:38:51,8.18,+0.99,0.01,20,16360,buy
13:38:42,8.17,+0.86,-0.01,48,39216,sell
13:38:39,8.18,+0.99,0.0,11,8998,buy
13:38:30,8.18,+0.99,0.0,4,3272,buy
13:38:27,8.18,+0.99,0.0,52,42536,buy
13:38:21,8.18,+0.99,0.0,12,9816,norm
13:38:21,8.18,+0.99,0.0,12,9816,buy
13:38:15,8.18,+0.99,0.0,8,6544,buy
13:38:12,8.18,+0.99,0.0,31,25358,buy
13:38:09,8.18,+0.99,0.01,1,818,buy
13:38:03,8.17,+0.86,-0.01,10,8170,sell
13:37:51,8.18,+0.99,0.01,183,149694,buy
13:37:42,8.17,+0.86,0.0,10,8170,sell
13:37:36,8.17,+0.86,0.01,12,9804,buy
13:37:09,8.16,+0.74,0.0,5,4080,sell
13:37:06,8.16,+0.74,0.0,128,104448,sell
13:36:18,8.16,+0.74,-0.01,10,8160,sell
13:36:12,8.17,+0.86,0.01,3,2451,buy
13:35:57,8.16,+0.74,-0.01,16,13056,sell
13:35:51,8.17,+0.86,0.01,5,4085,norm
13:35:36,8.16,+0.74,0.0,16,13056,sell
13:35:24,8.16,+0.74,-0.02,120,97920,sell
13:35:18,8.18,+0.99,0.01,205,167690,buy
13:35:15,8.17,+0.86,0.0,29,23693,buy
13:35:12,8.17,+0.86,0.0,20,16340,buy
13:35:03,8.17,+0.86,0.0,4,3268,buy
13:34:54,8.17,+0.86,0.0,9,7353,buy
13:34:51,8.17,+0.86,0.0,4,3268,buy
13:34:39,8.17,+0.86,0.0,2,1634,buy
13:34:21,8.17,+0.86,0.01,28,22876,buy
13:34:06,8.16,+0.74,0.0,30,24480,sell
13:33:36,8.16,+0.74,-0.02,16,13056,sell
13:33:21,8.18,+0.99,0.0,30,24540,buy
13:33:09,8.18,+0.99,0.02,3,2454,buy
13:33:06,8.16,+0.74,0.0,90,73440,sell
13:33:00,8.16,+0.74,-0.02,6,4896,sell
13:32:51,8.18,+0.99,0.02,20,16360,buy
13:32:45,8.16,+0.74,-0.02,10,8160,sell
13:32:39,8.18,+0.99,0.0,10,8180,buy
13:32:21,8.18,+0.99,0.0,34,27812,buy
13:32:18,8.18,+0.99,0.0,3,2454,buy
13:32:06,8.18,+0.99,0.02,100,81800,buy
13:32:00,8.16,+0.74,-0.02,5,4080,sell
13:31:57,8.18,+0.99,0.0,99,80982,buy
13:31:48,8.18,+0.99,0.0,100,81800,buy
13:31:45,8.18,+0.99,0.0,1,818,buy
13:31:36,8.18,+0.99,0.01,100,81800,buy
13:31:33,8.17,+0.86,0.0,19,15523,buy
13:31:30,8.17,+0.86,0.0,2,1634,buy
13:31:27,8.17,+0.86,0.0,142,116104,sell
13:31:24,8.17,+0.86,-0.01,5,4085,sell
13:31:21,8.18,+0.99,0.0,170,139060,buy
13:31:15,8.18,+0.99,0.0,36,29448,buy
13:31:12,8.18,+0.99,0.01,99,80982,buy
13:31:03,8.17,+0.86,0.0,94,77525,buy
13:30:48,8.17,+0.86,0.0,71,58007,norm
13:30:48,8.17,+0.86,0.01,71,58007,buy
13:30:45,8.16,+0.74,-0.01,5,4080,sell
13:30:42,8.17,+0.86,0.01,170,138890,buy
13:30:39,8.16,+0.74,0.0,1,816,buy
13:30:36,8.16,+0.74,0.0,30,24480,buy
13:30:24,8.16,+0.74,0.0,3,2448,buy
13:30:18,8.16,+0.74,-0.01,66,53856,norm
13:29:36,8.17,+0.86,0.02,52,42484,buy
13:29:30,8.15,+0.62,-0.02,5,4075,sell
13:29:21,8.17,+0.86,0.0,14,11438,buy
13:29:15,8.17,+0.86,0.0,3,2451,buy
13:29:12,8.17,+0.86,0.02,22,17974,buy
13:29:06,8.15,+0.62,-0.02,9,7335,sell
13:28:54,8.17,+0.86,0.03,83,67811,buy
13:28:45,8.14,+0.49,-0.03,16,13024,sell
13:28:30,8.17,+0.86,0.03,23,18791,buy
13:28:15,8.14,+0.49,-0.03,7,5698,sell
13:28:12,8.17,+0.86,0.02,270,220590,buy
13:28:09,8.15,+0.62,0.0,3,2445,buy
13:27:57,8.15,+0.62,0.0,1,815,buy
13:27:42,8.15,+0.62,0.01,31,25265,buy
13:27:30,8.14,+0.49,-0.01,1,814,sell
13:27:27,8.15,+0.62,0.01,84,68460,buy
13:27:18,8.14,+0.49,0.0,8,6512,sell
13:27:00,8.14,+0.49,0.0,2,1628,buy
13:26:57,8.14,+0.49,0.0,20,16280,sell
13:26:39,8.14,+0.49,0.0,25,20350,sell
13:26:18,8.14,+0.49,0.01,238,193732,buy
13:26:09,8.13,+0.37,0.0,1,813,sell
13:26:06,8.13,+0.37,-0.01,5,4065,sell
13:26:03,8.14,+0.49,0.0,60,48840,buy
13:25:57,8.14,+0.49,0.0,2,1628,sell
13:25:54,8.14,+0.49,0.0,21,17094,buy
13:25:30,8.14,+0.49,-0.01,1,814,sell
13:25:24,8.15,+0.62,0.0,50,40750,buy
13:25:21,8.15,+0.62,0.01,18,14670,buy
13:25:03,8.14,+0.49,-0.01,1,814,sell
13:24:54,8.15,+0.62,0.0,3,2445,buy
13:24:51,8.15,+0.62,0.0,46,37490,sell
13:24:39,8.15,+0.62,0.0,125,101875,sell
13:24:33,8.15,+0.62,-0.01,15,12225,sell
13:24:15,8.16,+0.74,0.01,91,74256,buy
13:24:12,8.15,+0.62,0.0,10,8150,sell
13:23:18,8.15,+0.62,0.0,20,16300,norm
13:23:18,8.15,+0.62,-0.01,20,16300,sell
13:23:06,8.16,+0.74,0.01,5,4080,buy
13:23:00,8.15,+0.62,-0.01,35,28525,sell
13:22:57,8.16,+0.74,0.01,83,67728,buy
13:22:30,8.15,+0.62,-0.01,50,40750,sell
13:22:18,8.16,+0.74,0.0,85,69360,buy
13:22:12,8.16,+0.74,0.0,6,4896,buy
13:22:09,8.16,+0.74,0.0,83,67728,buy
13:22:06,8.16,+0.74,0.0,10,8160,buy
13:21:54,8.16,+0.74,0.0,83,67728,buy
13:21:45,8.16,+0.74,-0.01,83,67728,norm
13:21:33,8.17,+0.86,0.02,2,1634,buy
13:21:24,8.15,+0.62,-0.02,26,21190,sell
13:21:21,8.17,+0.86,0.02,1199,979583,buy
13:21:06,8.15,+0.62,-0.01,10,8150,sell
13:21:03,8.16,+0.74,0.01,10,8160,buy
13:21:00,8.15,+0.62,-0.01,50,40750,sell
13:20:48,8.16,+0.74,0.01,2,1632,buy
13:20:36,8.15,+0.62,0.0,24,19560,buy
13:20:30,8.15,+0.62,0.0,4,3260,buy
13:20:27,8.15,+0.62,-0.01,2,1630,sell
13:20:21,8.16,+0.74,0.0,83,67728,buy
13:20:15,8.16,+0.74,0.0,6,4896,buy
13:20:09,8.16,+0.74,0.0,83,67728,buy
13:20:06,8.16,+0.74,0.0,105,85680,buy
13:20:03,8.16,+0.74,0.01,83,67728,buy
13:20:00,8.15,+0.62,0.02,2,1630,buy
13:19:54,8.13,+0.37,0.0,10,8130,sell
13:19:51,8.13,+0.37,-0.02,1,813,sell
13:19:48,8.15,+0.62,0.02,245,199675,buy
13:19:33,8.13,+0.37,0.01,69,56739,buy
13:19:30,8.12,+0.25,0.01,34,27608,buy
13:19:27,8.11,+0.12,0.0,7,5677,sell
13:19:21,8.11,+0.12,-0.01,5,4055,sell
13:19:18,8.12,+0.25,-0.01,65,52951,sell
13:19:12,8.13,+0.37,0.01,123,100641,buy
13:19:09,8.12,+0.25,0.0,14,11368,buy
13:19:03,8.12,+0.25,0.0,36,29232,sell
13:19:00,8.12,+0.25,-0.01,1,812,sell
13:18:54,8.13,+0.37,0.01,109,88617,buy
13:18:45,8.12,+0.25,0.0,12,9915,sell
13:18:42,8.12,+0.25,-0.01,10,8120,sell
13:18:39,8.13,+0.37,0.01,37,30081,buy
13:18:36,8.12,+0.25,0.0,93,75516,sell
13:18:24,8.12,+0.25,-0.01,5,4060,sell
13:18:21,8.13,+0.37,0.0,87,70731,buy
13:18:15,8.13,+0.37,0.0,1,813,buy
13:18:12,8.13,+0.37,0.0,2,2268,buy
13:18:09,8.13,+0.37,0.0,101,82113,buy
13:18:03,8.13,+0.37,0.0,26,21138,buy
13:18:00,8.13,+0.37,0.0,42,34146,buy
13:17:57,8.13,+0.37,0.0,6,4878,buy
13:17:48,8.13,+0.37,0.0,172,139836,buy
13:17:42,8.13,+0.37,0.02,6,4878,buy
13:17:39,8.11,+0.12,-0.02,7,5677,sell
13:17:36,8.13,+0.37,0.01,271,220323,buy
13:17:33,8.12,+0.25,-0.01,9,7308,sell
13:17:24,8.13,+0.37,0.01,6,4878,buy
13:17:21,8.12,+0.25,0.0,5,4060,buy
13:17:18,8.12,+0.25,0.0,48,38976,buy
13:17:15,8.12,+0.25,0.01,100,81200,buy
13:17:12,8.11,+0.12,0.0,83,67313,buy
13:16:48,8.11,+0.12,-0.01,101,81911,sell
13:16:45,8.12,+0.25,0.0,14,11368,buy
13:16:39,8.12,+0.25,0.0,10,8120,buy
13:16:33,8.12,+0.25,0.01,14,11368,buy
13:16:27,8.11,+0.12,-0.01,14,11354,sell
13:16:00,8.12,+0.25,-0.01,42,34104,norm
13:16:00,8.12,+0.25,0.0,42,34104,buy
13:15:57,8.12,+0.25,0.01,2,1624,buy
13:15:36,8.11,+0.12,0.0,6,4866,sell
13:15:33,8.11,+0.12,-0.01,6,4866,sell
13:15:30,8.12,+0.25,0.0,200,162400,buy
13:15:27,8.12,+0.25,0.0,1,812,buy
13:15:15,8.12,+0.25,0.01,59,47908,buy
13:15:09,8.11,+0.12,-0.01,5,4055,sell
13:15:06,8.12,+0.25,0.01,116,94192,buy
13:15:03,8.11,+0.12,-0.01,6,4866,sell
13:15:00,8.12,+0.25,0.01,42,34104,buy
13:14:42,8.11,+0.12,0.0,7,5677,sell
13:14:33,8.11,+0.12,-0.01,54,43794,sell
13:14:30,8.12,+0.25,0.0,98,79576,buy
13:14:15,8.12,+0.25,0.0,3,2436,buy
13:14:12,8.12,+0.25,0.0,6,4872,buy
13:14:06,8.12,+0.25,0.01,50,40600,buy
13:14:00,8.11,+0.12,-0.01,4,3244,sell
13:13:57,8.12,+0.25,0.0,14,11368,buy
13:13:54,8.12,+0.25,0.0,5,4060,buy
13:13:51,8.12,+0.25,0.0,2,1624,buy
13:13:48,8.12,+0.25,0.0,27,21924,buy
13:13:45,8.12,+0.25,0.0,6,4872,buy
13:13:39,8.12,+0.25,0.0,3,2436,buy
13:13:33,8.12,+0.25,0.0,83,67396,buy
13:13:30,8.12,+0.25,0.01,83,67396,buy
13:13:27,8.11,+0.12,0.0,2,1622,buy
13:13:24,8.11,+0.12,0.01,5,4055,buy
13:13:21,8.1,0.00,-0.01,10,8100,sell
13:13:18,8.11,+0.12,0.0,10,8110,buy
13:13:15,8.11,+0.12,0.0,13,10543,buy
13:13:12,8.11,+0.12,0.0,216,175176,buy
13:13:00,8.11,+0.12,0.0,42,34062,buy
13:12:54,8.11,+0.12,0.0,2,1622,buy
13:12:51,8.11,+0.12,-0.01,187,151657,sell
13:12:48,8.12,+0.25,0.0,3,2436,buy
13:12:39,8.12,+0.25,0.01,3,2436,buy
13:12:36,8.11,+0.12,0.0,39,31629,sell
13:12:33,8.11,+0.12,-0.01,5,4055,sell
13:12:30,8.12,+0.25,0.0,88,71456,buy
13:12:27,8.12,+0.25,0.0,3,2436,buy
13:12:24,8.12,+0.25,0.0,97,78764,buy
13:12:21,8.12,+0.25,0.0,3,2436,buy
13:12:15,8.12,+0.25,0.0,2,1624,buy
13:12:09,8.12,+0.25,0.01,18,14616,buy
13:12:00,8.11,+0.12,0.01,41,33251,buy
13:11:57,8.1,0.00,-0.01,10,8100,sell
13:11:51,8.11,+0.12,0.01,14,11354,buy
13:11:36,8.1,0.00,0.0,26,21060,buy
13:11:24,8.1,0.00,0.0,10,8100,buy
13:11:09,8.1,0.00,0.01,15,12150,buy
13:10:57,8.09,-0.12,-0.01,30,24270,sell
13:10:51,8.1,0.00,0.0,11,8910,buy
13:10:48,8.1,0.00,0.0,1,810,buy
13:10:39,8.1,0.00,0.0,42,34020,buy
13:10:30,8.1,0.00,0.0,10,8100,buy
13:10:27,8.1,0.00,0.0,5,4050,buy
13:10:24,8.1,0.00,0.01,12,9720,buy
13:10:18,8.09,-0.12,-0.01,13,10517,sell
13:10:15,8.1,0.00,-0.01,981,794610,sell
13:10:12,8.11,+0.12,0.0,3,2433,buy
13:09:45,8.11,+0.12,0.01,14,11354,buy
13:09:39,8.1,0.00,0.0,13,10530,sell
13:09:36,8.1,0.00,0.0,1,810,sell
13:09:33,8.1,0.00,0.0,142,115020,sell
13:09:15,8.1,0.00,0.0,20,16200,sell
13:09:12,8.1,0.00,-0.01,4,3240,sell
13:09:09,8.11,+0.12,0.0,13,10543,buy
13:09:06,8.11,+0.12,0.0,14,11354,buy
13:09:00,8.11,+0.12,0.0,9,7299,buy
13:08:51,8.11,+0.12,0.0,2,1622,buy
13:08:48,8.11,+0.12,0.01,10,8110,buy
13:08:36,8.1,0.00,0.0,10,8100,norm
13:08:36,8.1,0.00,-0.01,10,8100,sell
13:08:24,8.11,+0.12,0.01,3,2433,buy
13:08:06,8.1,0.00,-0.01,54,43740,sell
13:08:03,8.11,+0.12,0.01,30,24330,buy
13:08:00,8.1,0.00,-0.01,2,1620,sell
13:07:48,8.11,+0.12,0.0,25,20275,buy
13:07:39,8.11,+0.12,0.0,7,5677,buy
13:07:36,8.11,+0.12,0.0,42,34062,buy
13:07:24,8.11,+0.12,0.0,83,67313,buy
13:07:09,8.11,+0.12,0.01,15,12165,buy
13:07:03,8.1,0.00,-0.01,1,810,sell
13:06:57,8.11,+0.12,0.0,23,18653,buy
13:06:54,8.11,+0.12,0.0,1,811,buy
13:06:24,8.11,+0.12,0.0,3,2433,buy
13:06:21,8.11,+0.12,0.0,291,236001,sell
13:06:18,8.11,+0.12,-0.01,6,4866,sell
13:06:15,8.12,+0.25,0.01,150,121800,buy
13:05:57,8.11,+0.12,-0.01,3,2433,sell
13:05:45,8.12,+0.25,-0.01,2,1624,sell
13:05:24,8.13,+0.37,0.0,3,2439,buy
13:05:03,8.13,+0.37,0.01,15,12195,buy
13:05:00,8.12,+0.25,-0.01,17,13804,norm
13:04:30,8.13,+0.37,0.01,83,67479,buy
13:04:18,8.12,+0.25,-0.01,3,2436,buy
13:04:15,8.13,+0.37,0.0,42,34146,buy
13:04:12,8.13,+0.37,0.0,15,12195,buy
13:04:00,8.13,+0.37,0.02,83,67479,buy
13:03:48,8.11,+0.12,-0.01,10,8110,sell
13:03:39,8.12,+0.25,-0.01,1,812,norm
13:03:24,8.13,+0.37,0.01,42,34146,buy
13:03:18,8.12,+0.25,0.01,21,17052,buy
13:03:09,8.11,+0.12,-0.01,19,15409,sell
13:03:03,8.12,+0.25,0.01,1,812,buy
13:02:57,8.11,+0.12,-0.01,10,8110,sell
13:02:42,8.12,+0.25,0.0,1,812,buy
13:02:33,8.12,+0.25,0.0,3,2436,buy
13:02:27,8.12,+0.25,0.0,106,86072,sell
13:02:21,8.12,+0.25,-0.01,5,4060,sell
13:02:18,8.13,+0.37,0.01,15,12195,buy
13:02:12,8.12,+0.25,-0.01,11,8932,sell
13:02:00,8.13,+0.37,0.0,83,67479,buy
13:01:54,8.13,+0.37,0.0,1,813,buy
13:01:45,8.13,+0.37,0.0,3,2439,buy
13:01:42,8.13,+0.37,0.0,45,36585,buy
13:01:39,8.13,+0.37,0.0,6,4878,buy
13:01:36,8.13,+0.37,0.0,3,2439,buy
13:01:24,8.13,+0.37,-0.02,154,125202,sell
13:01:21,8.15,+0.62,0.0,3,2445,buy
13:01:18,8.15,+0.62,0.0,2,1630,buy
13:01:15,8.15,+0.62,0.0,57,46455,buy
13:01:15,8.15,+0.62,0.0,57,46455,norm
13:01:15,8.15,+0.62,0.0,57,46455,buy
13:01:09,8.15,+0.62,0.0,5,4075,buy
13:00:39,8.15,+0.62,0.0,31,25265,buy
13:00:33,8.15,+0.62,0.0,2,1630,buy
13:00:27,8.15,+0.62,0.0,21,17115,buy
13:00:21,8.15,+0.62,0.01,10,8150,buy
13:00:09,8.14,+0.49,0.01,7,5698,buy
13:00:06,8.13,+0.37,0.0,12,9756,buy
13:00:03,8.13,+0.37,-0.01,223,181299,sell
13:00:00,8.14,+0.49,0.0,0,0,buy
11:30:00,8.14,+0.49,0.0,0,0,buy
11:29:51,8.14,+0.49,0.0,2,1628,buy
11:29:48,8.14,+0.49,0.0,3,2442,buy
11:29:45,8.14,+0.49,0.0,12,9768,buy
11:29:42,8.14,+0.49,0.01,3,2442,buy
11:29:39,8.13,+0.37,-0.01,40,32520,sell
11:29:33,8.14,+0.49,0.0,2,1628,buy
11:29:18,8.14,+0.49,0.0,1,814,buy
11:29:03,8.14,+0.49,0.0,1,814,buy
11:28:33,8.14,+0.49,0.0,2,1628,buy
11:28:18,8.14,+0.49,0.01,14,11396,buy
11:28:12,8.13,+0.37,-0.01,10,8130,sell
11:28:03,8.14,+0.49,0.0,1,814,buy
11:27:33,8.14,+0.49,0.0,2,1628,buy
11:27:24,8.14,+0.49,0.0,2,1628,buy
11:27:18,8.14,+0.49,0.0,1,814,buy
11:27:06,8.14,+0.49,0.0,2,1628,buy
11:27:03,8.14,+0.49,0.01,1,814,buy
11:26:57,8.13,+0.37,-0.01,10,8130,sell
11:26:48,8.14,+0.49,0.01,2,1628,buy
11:26:27,8.13,+0.37,-0.02,10,8130,sell
11:26:06,8.15,+0.62,0.0,5,4075,buy
11:26:03,8.15,+0.62,0.0,1,815,buy
11:25:45,8.15,+0.62,0.0,7,5705,buy
11:25:33,8.15,+0.62,-0.01,2,1630,norm
11:25:24,8.16,+0.74,0.01,7,5712,buy
11:25:03,8.15,+0.62,0.0,199,162185,buy
11:24:51,8.15,+0.62,0.0,1,815,buy
11:24:45,8.15,+0.62,0.0,23,18745,sell
11:24:39,8.15,+0.62,0.0,10,8150,sell
11:24:33,8.15,+0.62,0.0,1,815,sell
11:24:27,8.15,+0.62,0.0,15,12225,sell
11:24:24,8.15,+0.62,-0.01,50,40750,sell
11:24:18,8.16,+0.74,0.0,3,2448,buy
11:24:12,8.16,+0.74,0.0,1,816,buy
11:24:09,8.16,+0.74,0.0,27,22032,buy
11:24:03,8.16,+0.74,0.0,1,816,buy
11:23:33,8.16,+0.74,0.0,2,1632,norm
11:23:33,8.16,+0.74,0.0,2,1632,buy
11:23:30,8.16,+0.74,0.0,2,1632,buy
11:23:18,8.16,+0.74,0.0,10,8160,buy
11:23:12,8.16,+0.74,0.0,10,8160,buy
11:23:09,8.16,+0.74,0.0,41,33456,buy
11:23:03,8.16,+0.74,0.01,1,816,buy
11:22:48,8.15,+0.62,0.0,124,101060,buy
11:22:42,8.15,+0.62,0.0,20,16300,buy
11:22:33,8.15,+0.62,0.0,4,3260,buy
11:22:24,8.15,+0.62,0.0,1,815,buy
11:22:18,8.15,+0.62,0.0,3,2445,buy
11:22:09,8.15,+0.62,0.01,38,30970,buy
11:22:06,8.14,+0.49,0.0,1,814,buy
11:22:03,8.14,+0.49,0.0,2,1628,buy
11:22:00,8.14,+0.49,0.0,10,8140,buy
11:21:36,8.14,+0.49,0.0,30,24420,buy
11:21:33,8.14,+0.49,0.0,2,1628,buy
11:21:15,8.14,+0.49,0.0,4,3256,buy
11:21:03,8.14,+0.49,0.01,1,814,norm
11:20:09,8.13,+0.37,-0.02,6,4878,sell
11:20:03,8.15,+0.62,0.02,3,2445,buy
11:19:45,8.13,+0.37,-0.02,20,16260,sell
11:19:33,8.15,+0.62,0.0,2,1630,buy
11:19:24,8.15,+0.62,0.02,2,1630,buy
11:18:54,8.13,+0.37,-0.02,5,4065,sell
11:18:51,8.15,+0.62,0.0,158,128770,buy
11:18:33,8.15,+0.62,0.0,2,1630,buy
11:18:24,8.15,+0.62,-0.01,105,85575,sell
11:18:12,8.16,+0.74,0.01,1,816,buy
11:18:03,8.15,+0.62,0.02,2,1630,buy
11:17:03,8.13,+0.37,0.0,1,813,buy
11:16:45,8.13,+0.37,0.0,7,5691,buy
11:16:42,8.13,+0.37,-0.02,164,133332,sell
11:16:33,8.15,+0.62,0.0,10,8150,sell
11:16:27,8.15,+0.62,0.0,10,8150,buy
11:16:12,8.15,+0.62,0.0,1,815,norm
11:16:12,8.15,+0.62,0.01,1,815,buy
11:16:06,8.14,+0.49,-0.01,12,9768,sell
11:16:03,8.15,+0.62,0.0,1,815,buy
11:15:39,8.15,+0.62,0.01,10,8150,buy
11:15:30,8.14,+0.49,-0.01,5,4070,sell
11:15:27,8.15,+0.62,0.0,120,97800,sell
11:15:12,8.15,+0.62,0.0,20,16300,sell
11:15:06,8.15,+0.62,-0.01,2,1630,sell
11:15:03,8.16,+0.74,0.0,5,4080,buy
11:14:57,8.16,+0.74,0.0,54,44064,sell
11:14:54,8.16,+0.74,0.0,21,17136,sell
11:14:51,8.16,+0.74,0.0,100,81600,sell
11:14:42,8.16,+0.74,0.0,15,12240,sell
11:14:33,8.16,+0.74,-0.01,6,4896,sell
11:14:24,8.17,+0.86,0.0,1,817,buy
11:14:18,8.17,+0.86,0.01,3,2451,buy
11:14:15,8.16,+0.74,-0.01,20,16320,sell
11:14:09,8.17,+0.86,0.0,32,26144,buy
11:14:00,8.17,+0.86,0.01,8,6536,buy
11:13:51,8.16,+0.74,0.0,116,94656,sell
11:13:36,8.16,+0.74,0.0,5,4080,sell
11:13:33,8.16,+0.74,0.0,300,244800,buy
11:13:24,8.16,+0.74,0.0,4,3264,buy
11:13:09,8.16,+0.74,0.0,31,25296,buy
11:13:06,8.16,+0.74,0.0,2,1632,buy
11:13:03,8.16,+0.74,0.0,3,2448,buy
11:12:54,8.16,+0.74,0.0,36,29376,buy
11:12:33,8.16,+0.74,-0.01,2,1632,norm
11:12:24,8.17,+0.86,0.0,1,817,buy
11:12:09,8.17,+0.86,0.0,40,32680,buy
11:12:03,8.17,+0.86,0.02,1,817,buy
11:12:00,8.15,+0.62,-0.02,20,16300,sell
11:11:54,8.17,+0.86,0.0,2,1634,buy
11:11:48,8.17,+0.86,0.02,3,2451,buy
11:11:45,8.15,+0.62,0.0,5,4075,sell
11:11:21,8.15,+0.62,-0.02,5,4075,sell
11:11:09,8.17,+0.86,0.03,34,27778,buy
11:10:48,8.14,+0.49,-0.03,8,6512,sell
11:10:45,8.17,+0.86,0.02,659,538403,buy
11:10:33,8.15,+0.62,0.0,2,1630,buy
11:10:24,8.15,+0.62,0.0,1,815,buy
11:10:18,8.15,+0.62,0.0,2,1630,buy
11:10:09,8.15,+0.62,0.0,31,25265,buy
11:10:03,8.15,+0.62,0.01,1,815,buy
11:10:00,8.14,+0.49,-0.01,1,814,sell
11:09:39,8.15,+0.62,0.0,36,29340,buy
11:09:33,8.15,+0.62,0.0,2,1630,buy
11:09:30,8.15,+0.62,0.0,1,815,buy
11:09:09,8.15,+0.62,0.0,26,21190,buy
11:09:03,8.15,+0.62,0.0,1,815,buy
11:08:51,8.15,+0.62,0.0,2,1630,norm
11:08:51,8.15,+0.62,0.0,2,1630,buy
11:08:48,8.15,+0.62,0.0,8,6520,buy
11:08:45,8.15,+0.62,0.02,150,122250,buy
11:08:42,8.13,+0.37,-0.01,10,8130,sell
11:08:33,8.14,+0.49,0.0,2,1628,buy
11:08:24,8.14,+0.49,0.0,1,814,buy
11:08:03,8.14,+0.49,0.0,2,1628,buy
11:07:33,8.14,+0.49,0.0,4,3256,buy
11:07:21,8.14,+0.49,-0.01,40,32560,sell
11:07:09,8.15,+0.62,0.01,32,26080,buy
11:06:45,8.14,+0.49,0.0,1,814,sell
11:06:33,8.14,+0.49,0.0,19,15466,buy
11:06:24,8.14,+0.49,-0.01,1,814,norm
11:06:09,8.15,+0.62,0.02,132,107580,buy
11:05:27,8.13,+0.37,-0.02,56,45528,sell
11:05:09,8.15,+0.62,0.02,31,25265,buy
11:05:06,8.13,+0.37,-0.01,1,813,sell
11:05:03,8.14,+0.49,-0.01,2,1628,norm
11:04:54,8.15,+0.62,0.0,36,29340,buy
11:04:51,8.15,+0.62,0.03,1,815,buy
11:04:36,8.12,+0.25,-0.03,5,4060,sell
11:04:33,8.15,+0.62,0.01,344,280360,buy
11:04:27,8.14,+0.49,0.0,1,814,buy
11:04:18,8.14,+0.49,0.0,10,8140,buy
11:04:12,8.14,+0.49,-0.01,7,5698,norm
11:04:09,8.15,+0.62,0.01,32,26080,buy
11:04:03,8.14,+0.49,0.0,2,1628,buy
11:04:00,8.14,+0.49,-0.01,38,30932,sell
11:03:33,8.15,+0.62,0.0,2,1630,buy
11:03:24,8.15,+0.62,0.0,3,2445,buy
11:03:09,8.15,+0.62,0.01,31,25265,buy
11:03:06,8.14,+0.49,0.02,1,814,buy
11:02:54,8.12,+0.25,-0.03,5,4060,norm
11:02:51,8.15,+0.62,0.04,500,407500,buy
11:02:42,8.11,+0.12,-0.01,6,4866,norm
11:02:39,8.12,+0.25,0.01,580,470960,buy
11:02:33,8.11,+0.12,0.0,2,1622,buy
11:02:27,8.11,+0.12,0.0,1,811,buy
11:02:18,8.11,+0.12,0.0,20,16220,buy
11:02:09,8.11,+0.12,0.0,31,25141,buy
11:02:06,8.11,+0.12,0.0,500,405500,buy
11:02:03,8.11,+0.12,0.0,1,811,buy
11:01:57,8.11,+0.12,0.0,3,2433,buy
11:01:54,8.11,+0.12,0.0,2,1622,buy
11:01:33,8.11,+0.12,0.0,4,3244,buy
11:01:33,8.11,+0.12,0.0,4,3244,norm
11:01:33,8.11,+0.12,0.0,4,3244,buy
11:01:09,8.11,+0.12,0.0,3,2433,buy
11:01:03,8.11,+0.12,0.0,4,3244,buy
11:00:54,8.11,+0.12,0.0,3,2433,buy
11:00:51,8.11,+0.12,0.0,10,8110,buy
11:00:33,8.11,+0.12,0.0,2,1622,buy
11:00:27,8.11,+0.12,0.01,1,811,buy
11:00:09,8.1,0.00,0.0,98,79380,buy
11:00:03,8.1,0.00,0.0,2,1620,buy
10:59:45,8.1,0.00,0.0,5,4050,buy
10:59:42,8.1,0.00,0.0,9,7290,buy
10:59:36,8.1,0.00,0.0,1,810,buy
10:59:33,8.1,0.00,0.01,12,9720,buy
10:59:27,8.09,-0.12,-0.01,32,25888,sell
10:59:24,8.1,0.00,0.0,500,405000,buy
10:59:09,8.1,0.00,0.0,33,26730,buy
10:59:03,8.1,0.00,0.01,15,12150,buy
10:59:00,8.09,-0.12,0.0,8,6472,sell
10:58:51,8.09,-0.12,-0.01,12,9708,sell
10:58:48,8.1,0.00,0.01,14,11340,buy
10:58:45,8.09,-0.12,-0.01,25,20225,sell
10:58:42,8.1,0.00,0.0,1,810,buy
10:58:39,8.1,0.00,0.0,31,25110,buy
10:58:36,8.1,0.00,0.0,14,11340,buy
10:58:33,8.1,0.00,0.0,2,1620,buy
10:58:27,8.1,0.00,0.0,3,2430,buy
10:58:09,8.1,0.00,0.01,43,34830,buy
10:57:42,8.09,-0.12,0.0,1,809,sell
10:57:36,8.09,-0.12,-0.01,6,4854,sell
10:57:33,8.1,0.00,0.01,100,81000,buy
10:57:30,8.09,-0.12,-0.01,10,8090,sell
10:57:21,8.1,0.00,0.0,10,8100,buy
10:57:15,8.1,0.00,0.0,1,810,buy
10:57:12,8.1,0.00,0.0,5,4050,buy
10:57:03,8.1,0.00,0.0,1,810,buy
10:56:33,8.1,0.00,-0.01,239,193590,sell
10:56:09,8.11,+0.12,0.0,49,39739,buy
10:56:03,8.11,+0.12,0.0,2,1622,buy
10:55:57,8.11,+0.12,0.0,2,1622,buy
10:55:33,8.11,+0.12,0.0,4,3244,buy
10:55:21,8.11,+0.12,0.0,47,38117,buy
10:55:09,8.11,+0.12,0.0,21,17031,buy
10:55:03,8.11,+0.12,0.01,1,811,buy
10:54:48,8.1,0.00,0.0,49,39690,buy
10:54:45,8.1,0.00,0.0,535,433350,buy
10:54:42,8.1,0.00,0.0,100,81000,buy
10:54:33,8.1,0.00,0.0,2,1620,buy
10:54:27,8.1,0.00,0.0,20,16200,buy
10:54:12,8.1,0.00,0.01,4,3240,buy
10:54:09,8.09,-0.12,-0.01,37,29933,sell
10:54:03,8.1,0.00,-0.01,14,11340,norm
10:54:03,8.1,0.00,0.01,14,11340,buy
10:53:54,8.09,-0.12,-0.01,200,161800,sell
10:53:51,8.1,0.00,0.0,1,810,buy
10:53:39,8.1,0.00,0.01,20,16200,buy
10:53:18,8.09,-0.12,-0.01,8,6472,sell
10:53:15,8.1,0.00,0.01,800,648000,buy
10:53:09,8.09,-0.12,0.0,8,6472,sell
10:52:57,8.09,-0.12,0.0,20,16180,sell
10:52:45,8.09,-0.12,0.0,15,12135,sell
10:52:36,8.09,-0.12,-0.01,5,4045,sell
10:52:33,8.1,0.00,0.0,490,396900,sell
10:52:30,8.1,0.00,-0.01,1000,810000,sell
10:52:27,8.11,+0.12,0.0,1,811,buy
10:52:09,8.11,+0.12,0.0,10,8110,buy
10:52:03,8.11,+0.12,0.0,1,811,buy
10:51:54,8.11,+0.12,-0.01,309,250599,sell
10:51:51,8.12,+0.25,0.01,44,35728,buy
10:51:48,8.11,+0.12,-0.01,21,17031,sell
10:51:45,8.12,+0.25,0.0,79,64148,sell
10:51:42,8.12,+0.25,0.0,15,12180,sell
10:51:36,8.12,+0.25,0.0,134,108808,buy
10:51:33,8.12,+0.25,0.0,14,11368,buy
10:51:24,8.12,+0.25,0.0,2,1624,buy
10:51:18,8.12,+0.25,0.0,150,121800,buy
10:51:09,8.12,+0.25,0.0,28,22736,buy
10:51:03,8.12,+0.25,0.0,1,812,buy
10:50:51,8.12,+0.25,0.0,18,14616,buy
10:50:33,8.12,+0.25,0.0,1,812,buy
10:50:24,8.12,+0.25,0.0,10,8120,buy
10:50:18,8.12,+0.25,0.01,3,2436,buy
10:49:39,8.11,+0.12,-0.01,6,4866,sell
10:49:36,8.12,+0.25,0.0,223,181076,buy
10:49:33,8.12,+0.25,0.0,2,1624,buy
10:49:18,8.12,+0.25,0.0,10,8120,buy
10:49:03,8.12,+0.25,0.0,1,812,norm
10:48:51,8.12,+0.25,0.01,42,34104,buy
10:48:42,8.11,+0.12,-0.01,28,22708,sell
10:48:33,8.12,+0.25,0.0,2,1624,buy
10:48:24,8.12,+0.25,0.01,3,2436,buy
10:48:15,8.11,+0.12,0.0,46,37306,sell
10:48:03,8.11,+0.12,0.0,233,188963,buy
10:48:00,8.11,+0.12,0.0,10,8110,buy
10:47:57,8.11,+0.12,0.01,20,16220,buy
10:47:54,8.1,0.00,-0.01,5,4050,sell
10:47:51,8.11,+0.12,0.0,20,16220,buy
10:47:48,8.11,+0.12,0.0,35,28385,buy
10:47:42,8.11,+0.12,0.0,3,2433,buy
10:47:39,8.11,+0.12,0.0,16,12976,buy
10:47:33,8.11,+0.12,0.0,2,1622,buy
10:47:30,8.11,+0.12,0.0,10,8110,buy
10:47:21,8.11,+0.12,0.0,154,124894,buy
10:47:18,8.11,+0.12,0.0,10,8110,buy
10:47:15,8.11,+0.12,0.0,6,4866,buy
10:47:09,8.11,+0.12,0.0,25,20275,buy
10:47:03,8.11,+0.12,0.0,1,811,buy
10:46:57,8.11,+0.12,0.0,2,1622,buy
10:46:48,8.11,+0.12,0.0,71,57581,buy
10:46:39,8.11,+0.12,0.0,16,12976,norm
10:46:39,8.11,+0.12,0.0,16,12976,buy
10:46:33,8.11,+0.12,0.0,3,2433,buy
10:46:27,8.11,+0.12,0.0,20,16220,buy
10:46:21,8.11,+0.12,0.0,2,1622,buy
10:46:12,8.11,+0.12,0.0,2,1622,buy
10:46:09,8.11,+0.12,0.0,17,13787,buy
10:46:06,8.11,+0.12,0.0,10,8110,buy
10:46:03,8.11,+0.12,0.01,20,16220,buy
10:45:51,8.1,0.00,-0.01,8,6480,sell
10:45:48,8.11,+0.12,0.0,500,405500,buy
10:45:45,8.11,+0.12,0.0,2,1622,buy
10:45:39,8.11,+0.12,0.01,16,12976,buy
10:45:36,8.1,0.00,-0.01,5,4050,sell
10:45:33,8.11,+0.12,0.0,4,3244,buy
10:45:27,8.11,+0.12,0.0,2,1622,buy
10:45:12,8.11,+0.12,0.0,5,4055,buy
10:45:09,8.11,+0.12,0.0,17,13787,buy
10:45:03,8.11,+0.12,0.0,2,1622,buy
10:44:39,8.11,+0.12,0.0,1,811,buy
10:44:33,8.11,+0.12,0.0,2,1622,buy
10:44:24,8.11,+0.12,0.0,50,40550,buy
10:44:12,8.11,+0.12,0.0,10,8110,buy
10:44:09,8.11,+0.12,0.0,102,82722,buy
10:44:03,8.11,+0.12,0.01,1,811,buy
10:43:57,8.1,0.00,-0.01,9,7290,sell
10:43:54,8.11,+0.12,-0.01,612,496332,sell
10:43:39,8.12,+0.25,0.0,10,8120,buy
10:43:33,8.12,+0.25,0.0,4,3248,buy
10:43:27,8.12,+0.25,-0.02,22,17864,sell
10:43:24,8.14,+0.49,0.02,21,17094,buy
10:43:15,8.12,+0.25,-0.02,100,81200,sell
10:43:12,8.14,+0.49,0.0,3,2442,buy
10:43:09,8.14,+0.49,0.0,31,25234,buy
10:43:03,8.14,+0.49,0.0,1,814,buy
10:43:00,8.14,+0.49,0.0,40,32560,buy
10:42:42,8.14,+0.49,0.0,100,81400,buy
10:42:33,8.14,+0.49,0.0,2,1628,buy
10:42:24,8.14,+0.49,0.0,12,9768,buy
10:42:09,8.14,+0.49,0.03,3,2442,buy
10:42:03,8.11,+0.12,0.0,8,6488,sell
10:42:00,8.11,+0.12,0.01,738,598518,buy
10:41:57,8.1,0.00,-0.01,15,12150,sell
10:41:54,8.11,+0.12,0.0,1036,840196,buy
10:41:51,8.11,+0.12,0.0,15,12165,buy
10:41:48,8.11,+0.12,0.0,30,24330,buy
10:41:45,8.11,+0.12,0.0,18,14598,buy
10:41:42,8.11,+0.12,0.01,4,3244,buy
10:41:33,8.1,0.00,0.0,4,3240,sell
10:41:24,8.1,0.00,0.0,100,81000,sell
10:41:18,8.1,0.00,0.0,12,9720,sell
10:41:06,8.1,0.00,-0.01,15,12150,sell
10:41:03,8.11,+0.12,-0.04,1158,939138,sell
10:41:00,8.15,+0.62,0.0,1,815,buy
10:40:51,8.15,+0.62,0.0,1,815,buy
10:40:42,8.15,+0.62,0.0,1,815,buy
10:40:33,8.15,+0.62,0.0,4,3260,buy
10:40:09,8.15,+0.62,0.0,13,10595,buy
10:40:03,8.15,+0.62,0.0,1,815,buy
10:39:57,8.15,+0.62,0.0,47,38305,buy
10:39:45,8.15,+0.62,0.01,20,16300,buy
10:39:24,8.14,+0.49,0.0,20,16280,sell
10:39:15,8.14,+0.49,0.0,10,8140,norm
10:39:15,8.14,+0.49,0.0,10,8140,sell
10:39:12,8.14,+0.49,0.0,15,12210,sell
10:39:00,8.14,+0.49,0.0,50,40700,sell
10:38:36,8.14,+0.49,0.0,40,32560,sell
10:38:33,8.14,+0.49,0.0,100,81400,sell
10:38:30,8.14,+0.49,-0.01,9,7326,sell
10:38:09,8.15,+0.62,0.0,32,26080,buy
10:38:03,8.15,+0.62,0.0,1,815,buy
10:37:57,8.15,+0.62,0.0,3,2445,buy
10:37:42,8.15,+0.62,0.0,5,4075,buy
10:37:33,8.15,+0.62,0.0,6,4890,buy
10:37:30,8.15,+0.62,0.0,90,73350,buy
10:37:27,8.15,+0.62,0.0,1,815,buy
10:37:09,8.15,+0.62,0.0,27,22005,buy
10:37:03,8.15,+0.62,0.0,1,815,buy
10:36:57,8.15,+0.62,0.01,126,102690,buy
10:36:54,8.14,+0.49,-0.01,9,7326,sell
10:36:42,8.15,+0.62,0.0,1,815,buy
10:36:33,8.15,+0.62,0.0,2,1630,buy
10:36:24,8.15,+0.62,0.0,1,815,buy
10:36:21,8.15,+0.62,0.01,14,11410,buy
10:36:15,8.14,+0.49,-0.01,3,2442,sell
10:36:09,8.15,+0.62,0.0,15,12225,buy
10:36:03,8.15,+0.62,0.0,2,1630,buy
10:35:48,8.15,+0.62,0.0,14,11410,buy
10:35:45,8.15,+0.62,0.0,13,10595,buy
10:35:42,8.15,+0.62,0.0,14,11410,buy
10:35:33,8.15,+0.62,0.0,22,17930,buy
10:35:27,8.15,+0.62,-0.01,209,170335,sell
10:35:18,8.16,+0.74,0.0,34,27744,buy
10:35:03,8.16,+0.74,0.0,1,816,buy
10:35:00,8.16,+0.74,0.0,40,32640,buy
10:34:54,8.16,+0.74,0.02,1,816,buy
10:34:42,8.14,+0.49,-0.02,38,30932,sell
10:34:39,8.16,+0.74,0.0,2001,1632816,buy
10:34:33,8.16,+0.74,0.0,2,1632,buy
10:34:30,8.16,+0.74,0.0,22,17952,buy
10:34:24,8.16,+0.74,0.0,1,816,buy
10:34:21,8.16,+0.74,0.01,39,31824,buy
10:34:15,8.15,+0.62,0.0,6,4890,sell
10:34:12,8.15,+0.62,0.0,393,320295,buy
10:34:09,8.15,+0.62,0.0,17,13855,buy
10:34:06,8.15,+0.62,0.0,1,815,buy
10:34:03,8.15,+0.62,0.01,14,11410,buy
10:34:00,8.14,+0.49,0.0,2,1628,buy
10:33:51,8.14,+0.49,0.0,20,16280,buy
10:33:48,8.14,+0.49,0.0,1,814,buy
10:33:45,8.14,+0.49,0.0,14,11396,buy
10:33:42,8.14,+0.49,-0.01,63,51282,sell
10:33:39,8.15,+0.62,0.0,63,51345,buy
10:33:33,8.15,+0.62,0.0,7,5705,buy
10:33:30,8.15,+0.62,0.0,27,22005,buy
10:33:24,8.15,+0.62,0.0,50,40750,buy
10:33:21,8.15,+0.62,0.0,17,13855,buy
10:33:09,8.15,+0.62,0.0,11,8965,buy
10:33:03,8.15,+0.62,0.0,2,1630,buy
10:32:51,8.15,+0.62,0.0,15,12225,buy
10:32:45,8.15,+0.62,0.0,2,1630,buy
10:32:42,8.15,+0.62,0.0,27,22005,buy
10:32:39,8.15,+0.62,0.01,2,1630,buy
10:32:36,8.14,+0.49,0.0,12,9768,buy
10:32:33,8.14,+0.49,0.0,2,1628,buy
10:32:30,8.14,+0.49,0.01,31,25234,buy
10:32:27,8.13,+0.37,0.0,85,69105,buy
10:32:24,8.13,+0.37,0.0,34,27642,buy
10:32:21,8.13,+0.37,0.0,34,27642,buy
10:32:12,8.13,+0.37,0.0,23,18699,buy
10:32:06,8.13,+0.37,0.0,28,22764,buy
10:32:03,8.13,+0.37,0.01,3,2439,buy
10:32:00,8.12,+0.25,-0.01,60,48720,sell
10:31:54,8.13,+0.37,0.01,3,2439,buy
10:31:30,8.12,+0.25,0.0,38,30856,norm
10:31:30,8.12,+0.25,-0.01,38,30856,sell
10:31:27,8.13,+0.37,0.0,3,2439,buy
10:31:24,8.13,+0.37,0.0,63,51219,buy
10:31:21,8.13,+0.37,0.0,60,48780,buy
10:31:15,8.13,+0.37,0.0,13,10569,buy
10:31:09,8.13,+0.37,0.0,20,16260,buy
10:31:03,8.13,+0.37,0.01,12,9756,buy
10:31:00,8.12,+0.25,0.0,66,53592,sell
10:30:45,8.12,+0.25,-0.01,49,39788,sell
10:30:42,8.13,+0.37,0.0,2,1626,buy
10:30:33,8.13,+0.37,0.0,2,1626,buy
10:30:21,8.13,+0.37,0.0,22,17886,buy
10:30:18,8.13,+0.37,0.0,2,1626,buy
10:30:12,8.13,+0.37,0.0,11,8943,buy
10:30:09,8.13,+0.37,0.0,8,6504,buy
10:30:03,8.13,+0.37,0.0,1,813,buy
10:29:57,8.13,+0.37,0.01,33,26829,buy
10:29:54,8.12,+0.25,-0.01,17,13804,sell
10:29:51,8.13,+0.37,-0.01,85,69105,sell
10:29:48,8.14,+0.49,0.0,46,37444,buy
10:29:45,8.14,+0.49,0.0,17,13838,buy
10:29:39,8.14,+0.49,0.0,20,16280,buy
10:29:36,8.14,+0.49,0.0,28,22792,buy
10:29:33,8.14,+0.49,0.0,4,3256,buy
10:29:30,8.14,+0.49,0.0,23,18722,buy
10:29:27,8.14,+0.49,0.02,5,4070,buy
10:29:24,8.12,+0.25,-0.01,4,3248,sell
10:29:21,8.13,+0.37,0.0,285,231705,buy
10:29:09,8.13,+0.37,0.0,28,22764,buy
10:29:03,8.13,+0.37,0.0,2,1626,buy
10:29:00,8.13,+0.37,0.0,1,813,buy
10:28:51,8.13,+0.37,0.0,22,17886,buy
10:28:48,8.13,+0.37,0.01,2,1626,buy
10:28:45,8.12,+0.25,-0.01,31,25172,sell
10:28:39,8.13,+0.37,0.01,27,21951,buy
10:28:36,8.12,+0.25,-0.01,10,8120,sell
10:28:33,8.13,+0.37,0.0,2,1626,buy
10:28:24,8.13,+0.37,0.0,1,813,buy
10:28:18,8.13,+0.37,0.0,40,32520,buy
10:28:12,8.13,+0.37,0.0,2,1626,buy
10:28:09,8.13,+0.37,0.01,53,43089,buy
10:28:03,8.12,+0.25,0.0,2,1624,buy
10:27:57,8.12,+0.25,0.0,1,812,buy
10:27:51,8.12,+0.25,0.01,2,1624,buy
10:27:48,8.11,+0.12,-0.01,25,20275,sell
10:27:42,8.12,+0.25,0.0,3,2436,buy
10:27:36,8.12,+0.25,0.01,29,23548,buy
10:27:33,8.11,+0.12,0.0,2,1622,sell
10:27:30,8.11,+0.12,-0.01,90,72990,sell
10:27:27,8.12,+0.25,0.0,3,2436,buy
10:27:21,8.12,+0.25,0.0,3,2436,buy
10:27:15,8.12,+0.25,0.0,4,3248,buy
10:27:12,8.12,+0.25,0.0,10,8120,buy
10:27:06,8.12,+0.25,0.0,3,2436,buy
10:27:03,8.12,+0.25,0.0,11,8932,sell
10:27:00,8.12,+0.25,-0.01,20,16240,sell
10:26:45,8.13,+0.37,0.0,3,2439,buy
10:26:39,8.13,+0.37,0.01,5,4065,buy
10:26:33,8.12,+0.25,0.0,4,3248,buy
10:26:24,8.12,+0.25,0.0,5,4060,buy
10:26:21,8.12,+0.25,0.0,26,21112,buy
10:26:18,8.12,+0.25,0.0,31,25172,buy
10:26:15,8.12,+0.25,-0.01,152,123424,sell
10:26:09,8.13,+0.37,0.0,15,12195,buy
10:26:03,8.13,+0.37,0.0,6,4878,buy
10:25:33,8.13,+0.37,0.0,2,1626,buy
10:25:30,8.13,+0.37,0.0,6,4878,buy
10:25:24,8.13,+0.37,0.0,6,4878,buy
10:25:21,8.13,+0.37,0.0,7,5691,buy
10:25:15,8.13,+0.37,0.0,30,24390,buy
10:25:09,8.13,+0.37,0.01,37,30081,buy
10:25:03,8.12,+0.25,0.0,2,1624,sell
10:25:00,8.12,+0.25,-0.01,100,81200,sell
10:24:57,8.13,+0.37,0.0,2,1626,buy
10:24:54,8.13,+0.37,0.0,9,7317,norm
10:24:48,8.13,+0.37,0.0,14,11382,buy
10:24:39,8.13,+0.37,0.01,14,11382,buy
10:24:33,8.12,+0.25,0.0,2,1624,sell
10:24:18,8.12,+0.25,0.0,2,1624,norm
10:24:18,8.12,+0.25,-0.01,2,1624,sell
10:24:09,8.13,+0.37,0.0,16,13008,buy
10:24:06,8.13,+0.37,0.0,30,24390,buy
10:24:03,8.13,+0.37,0.01,1,813,buy
10:24:00,8.12,+0.25,-0.01,36,29232,sell
10:23:57,8.13,+0.37,0.0,36,29268,buy
10:23:51,8.13,+0.37,0.01,27,21951,buy
10:23:48,8.12,+0.25,0.01,5,4060,buy
10:23:45,8.11,+0.12,0.01,145,117595,buy
10:23:42,8.1,0.00,-0.01,8,6480,sell
10:23:39,8.11,+0.12,0.0,26,21086,buy
10:23:36,8.11,+0.12,0.0,41,33251,buy
10:23:33,8.11,+0.12,0.0,2,1622,buy
10:23:30,8.11,+0.12,0.0,58,47038,buy
10:23:24,8.11,+0.12,0.0,30,24330,buy
10:23:21,8.11,+0.12,0.0,8,6488,buy
10:23:18,8.11,+0.12,0.0,34,27574,buy
10:23:15,8.11,+0.12,0.0,39,31629,buy
10:23:09,8.11,+0.12,0.0,49,39739,buy
10:23:03,8.11,+0.12,-0.01,53,42983,sell
10:23:00,8.12,+0.25,0.01,17,13804,buy
10:22:57,8.11,+0.12,-0.01,3,2433,sell
10:22:54,8.12,+0.25,-0.01,183,148596,sell
10:22:48,8.13,+0.37,0.0,60,48780,buy
10:22:39,8.13,+0.37,0.0,66,53658,buy
10:22:33,8.13,+0.37,0.01,46,37398,buy
10:22:30,8.12,+0.25,0.02,266,215992,buy
10:22:27,8.1,0.00,0.0,140,113400,sell
10:22:24,8.1,0.00,-0.02,303,245430,sell
10:22:21,8.12,+0.25,0.0,259,210308,buy
10:22:18,8.12,+0.25,0.01,91,73892,buy
10:22:15,8.11,+0.12,0.0,709,574999,buy
10:22:12,8.11,+0.12,0.0,23,18653,buy
10:22:09,8.11,+0.12,0.0,42,34062,buy
10:22:06,8.11,+0.12,0.0,29,23519,buy
10:22:03,8.11,+0.12,0.0,36,29196,buy
10:21:57,8.11,+0.12,0.0,52,42172,buy
10:21:54,8.11,+0.12,0.0,94,76234,buy
10:21:51,8.11,+0.12,0.0,32,25952,buy
10:21:48,8.11,+0.12,0.0,58,47038,buy
10:21:45,8.11,+0.12,0.0,24,19464,buy
10:21:42,8.11,+0.12,0.0,95,77045,buy
10:21:39,8.11,+0.12,0.0,27,21897,buy
10:21:36,8.11,+0.12,0.01,13,10543,buy
10:21:33,8.1,0.00,-0.01,35,28350,sell
10:21:30,8.11,+0.12,0.0,14,11354,buy
10:21:27,8.11,+0.12,0.0,3,2433,buy
10:21:24,8.11,+0.12,0.01,35,28385,buy
10:21:21,8.1,0.00,0.0,1,810,sell
10:21:18,8.1,0.00,-0.01,70,56700,sell
10:21:15,8.11,+0.12,0.0,12,9732,buy
10:21:09,8.11,+0.12,0.0,24,19464,buy
10:21:03,8.11,+0.12,0.0,15,12165,buy
10:20:54,8.11,+0.12,0.01,12,9732,buy
10:20:51,8.1,0.00,-0.01,1,810,sell
10:20:48,8.11,+0.12,0.0,25,20275,buy
10:20:45,8.11,+0.12,0.0,3,2433,buy
10:20:42,8.11,+0.12,0.01,41,33251,buy
10:20:33,8.1,0.00,0.01,22,17820,norm
10:20:27,8.09,-0.12,-0.01,15,12135,sell
10:20:24,8.1,0.00,-0.01,20,16200,sell
10:20:12,8.11,+0.12,0.01,37,30007,buy
10:20:06,8.1,0.00,0.01,41,33210,buy
10:20:03,8.09,-0.12,-0.01,2,1618,sell
10:20:00,8.1,0.00,0.0,36,29160,buy
10:19:57,8.1,0.00,0.0,24,19440,buy
10:19:54,8.1,0.00,-0.01,8,6480,sell
10:19:51,8.11,+0.12,0.01,38,30818,buy
10:19:48,8.1,0.00,0.0,17,13770,buy
10:19:45,8.1,0.00,0.01,29,23490,buy
10:19:42,8.09,-0.12,-0.01,11,8899,sell
10:19:39,8.1,0.00,0.01,64,51840,buy
10:19:33,8.09,-0.12,0.0,5,4045,sell
10:19:30,8.09,-0.12,-0.01,45,36405,sell
10:19:27,8.1,0.00,0.02,134,108540,buy
10:19:24,8.08,-0.25,-0.02,31,25048,sell
10:19:21,8.1,0.00,0.0,172,139320,buy
10:19:18,8.1,0.00,0.0,23,18630,buy
10:19:15,8.1,0.00,0.01,97,78570,buy
10:19:12,8.09,-0.12,0.0,2,1618,sell
10:19:09,8.09,-0.12,0.0,69,55821,sell
10:19:06,8.09,-0.12,0.0,139,112451,sell
10:19:03,8.09,-0.12,0.0,33,26697,sell
10:19:00,8.09,-0.12,-0.01,11,8899,sell
10:18:57,8.1,0.00,0.0,662,536220,sell
10:18:54,8.1,0.00,0.0,30,24300,sell
10:18:51,8.1,0.00,-0.01,2,1620,sell
10:18:48,8.11,+0.12,0.0,34,27574,buy
10:18:45,8.11,+0.12,0.01,59,47849,buy
10:18:42,8.1,0.00,0.0,5,4050,sell
10:18:39,8.1,0.00,0.0,1,810,sell
10:18:36,8.1,0.00,-0.01,1,810,sell
10:18:33,8.11,+0.12,0.0,33,26763,buy
10:18:27,8.11,+0.12,0.01,48,38928,buy
10:18:21,8.1,0.00,-0.01,23,18630,sell
10:18:18,8.11,+0.12,0.01,26,21086,buy
10:18:15,8.1,0.00,0.0,1,810,sell
10:18:12,8.1,0.00,-0.01,101,81810,sell
10:18:06,8.11,+0.12,0.0,9,7299,buy
10:18:03,8.11,+0.12,0.0,5,4055,buy
10:18:00,8.11,+0.12,0.0,11,8921,buy
10:17:54,8.11,+0.12,0.01,17,13787,buy
10:17:51,8.1,0.00,-0.01,1,810,sell
10:17:33,8.11,+0.12,0.0,9,7299,buy
10:17:21,8.11,+0.12,0.0,8,6488,buy
10:17:18,8.11,+0.12,0.01,13,10543,buy
10:17:06,8.1,0.00,-0.01,1,810,sell
10:17:03,8.11,+0.12,0.0,24,19464,buy
10:17:00,8.11,+0.12,0.0,2,1622,norm
10:17:00,8.11,+0.12,0.01,2,1622,buy
10:16:57,8.1,0.00,0.0,32,25920,sell
10:16:54,8.1,0.00,-0.01,1,810,sell
10:16:51,8.11,+0.12,-0.01,129,104619,sell
10:16:48,8.12,+0.25,0.0,2,1624,sell
10:16:45,8.12,+0.25,0.0,1,812,sell
10:16:42,8.12,+0.25,0.01,20,16240,buy
10:16:36,8.11,+0.12,0.0,21,17031,sell
10:16:33,8.11,+0.12,0.0,50,40550,sell
10:16:30,8.11,+0.12,-0.01,1,811,sell
10:16:27,8.12,+0.25,0.0,42,34104,buy
10:16:24,8.12,+0.25,0.0,10,8120,buy
10:16:21,8.12,+0.25,0.01,14,11368,buy
10:16:15,8.11,+0.12,0.0,29,23519,buy
10:16:12,8.11,+0.12,0.01,5,4055,buy
10:16:03,8.1,0.00,0.0,1,810,sell
10:15:51,8.1,0.00,0.0,1,810,sell
10:15:42,8.1,0.00,-0.01,1,810,sell
10:15:39,8.11,+0.12,0.0,10,8110,buy
10:15:33,8.11,+0.12,0.01,30,24330,buy
10:15:27,8.1,0.00,-0.01,63,51030,sell
10:15:24,8.11,+0.12,0.0,11,8921,buy
10:15:18,8.11,+0.12,0.0,5,4055,buy
10:15:15,8.11,+0.12,0.01,4,3244,buy
10:15:12,8.1,0.00,-0.01,1,810,sell
10:15:06,8.11,+0.12,0.0,15,12165,buy
10:15:03,8.11,+0.12,0.01,12,9732,buy
10:15:00,8.1,0.00,0.0,9,7290,sell
10:14:57,8.1,0.00,0.0,5,4050,sell
10:14:54,8.1,0.00,0.0,9,7290,sell
10:14:51,8.1,0.00,0.0,12,9720,sell
10:14:45,8.1,0.00,-0.01,2,1620,sell
10:14:42,8.11,+0.12,0.0,20,16220,buy
10:14:33,8.11,+0.12,0.0,3,2433,buy
10:14:30,8.11,+0.12,0.01,24,19464,buy
10:14:24,8.1,0.00,-0.01,1,810,sell
10:14:21,8.11,+0.12,0.01,36,29196,buy
10:14:18,8.1,0.00,0.0,24,19440,sell
10:14:15,8.1,0.00,-0.01,42,34020,sell
10:14:12,8.11,+0.12,0.01,20,16220,buy
10:14:09,8.1,0.00,-0.01,27,21870,sell
10:14:06,8.11,+0.12,0.01,259,210049,buy
10:14:03,8.1,0.00,-0.01,86,69660,sell
10:14:00,8.11,+0.12,0.0,21,17031,buy
10:13:57,8.11,+0.12,0.0,15,12165,buy
10:13:42,8.11,+0.12,0.0,20,16220,buy
10:13:39,8.11,+0.12,0.0,38,30818,buy
10:13:36,8.11,+0.12,0.0,21,17031,buy
10:13:33,8.11,+0.12,0.01,31,25141,buy
10:13:30,8.1,0.00,-0.01,1,810,sell
10:13:27,8.11,+0.12,0.0,29,23519,buy
10:13:24,8.11,+0.12,0.01,136,110296,buy
10:13:21,8.1,0.00,-0.01,1,810,sell
10:13:18,8.11,+0.12,0.0,74,60014,buy
10:13:15,8.11,+0.12,0.0,70,56770,sell
10:13:12,8.11,+0.12,0.0,262,212482,sell
10:13:06,8.11,+0.12,-0.01,1,811,sell
10:13:03,8.12,+0.25,0.01,28,22736,buy
10:12:57,8.11,+0.12,0.0,71,57581,sell
10:12:54,8.11,+0.12,-0.01,20,16220,sell
10:12:48,8.12,+0.25,-0.01,3,2436,norm
10:12:33,8.13,+0.37,0.0,2,1626,buy
10:12:30,8.13,+0.37,0.0,31,25203,buy
10:12:21,8.13,+0.37,0.0,98,79674,buy
10:12:15,8.13,+0.37,0.0,28,22764,buy
10:12:12,8.13,+0.37,-0.01,33,26829,norm
10:12:06,8.14,+0.49,0.01,22,17908,buy
10:12:03,8.13,+0.37,-0.02,7,5691,sell
10:12:00,8.15,+0.62,0.01,50,40750,buy
10:11:57,8.14,+0.49,0.0,12,9768,buy
10:11:54,8.14,+0.49,0.01,28,22792,buy
10:11:51,8.13,+0.37,0.0,5,4065,sell
10:11:48,8.13,+0.37,0.02,51,41463,buy
10:11:42,8.11,+0.12,-0.02,10,8110,sell
10:11:39,8.13,+0.37,0.0,40,32520,buy
10:11:36,8.13,+0.37,0.0,30,24390,buy
10:11:33,8.13,+0.37,0.02,30,24390,buy
10:11:27,8.11,+0.12,0.0,64,51904,buy
10:11:21,8.11,+0.12,0.0,86,69746,buy
10:11:18,8.11,+0.12,0.0,72,58392,buy
10:11:12,8.11,+0.12,0.01,31,25141,buy
10:11:09,8.1,0.00,-0.01,193,156330,sell
10:11:06,8.11,+0.12,0.0,26,21086,buy
10:11:03,8.11,+0.12,0.0,55,44605,buy
10:11:00,8.11,+0.12,0.0,140,113540,buy
10:10:57,8.11,+0.12,0.0,74,60014,buy
10:10:54,8.11,+0.12,0.0,9,7299,buy
10:10:51,8.11,+0.12,0.01,168,136248,buy
10:10:48,8.1,0.00,-0.01,230,186300,sell
10:10:45,8.11,+0.12,0.0,109,88399,buy
10:10:39,8.11,+0.12,0.01,5,4055,buy
10:10:36,8.1,0.00,-0.01,85,68850,sell
10:10:33,8.11,+0.12,0.0,5,4055,buy
10:10:30,8.11,+0.12,0.01,244,197884,buy
10:10:27,8.1,0.00,0.0,39,31590,sell
10:10:24,8.1,0.00,-0.01,47,38070,sell
10:10:21,8.11,+0.12,0.01,15,12165,buy
10:10:18,8.1,0.00,-0.01,143,115830,sell
10:10:15,8.11,+0.12,0.0,78,63258,buy
10:10:09,8.11,+0.12,0.01,68,55148,buy
10:10:06,8.1,0.00,-0.01,83,67230,sell
10:10:03,8.11,+0.12,0.0,21,17031,buy
10:10:00,8.11,+0.12,0.0,124,100564,buy
10:09:57,8.11,+0.12,0.01,98,79478,buy
10:09:54,8.1,0.00,0.0,93,75330,sell
10:09:51,8.1,0.00,-0.01,16,12960,sell
10:09:48,8.11,+0.12,0.0,240,194640,buy
10:09:45,8.11,+0.12,0.0,6,4866,buy
10:09:39,8.11,+0.12,0.0,46,37306,buy
10:09:36,8.11,+0.12,0.0,46,37306,buy
10:09:33,8.11,+0.12,0.0,73,59203,norm
10:09:33,8.11,+0.12,0.0,73,59203,buy
10:09:30,8.11,+0.12,0.0,1,811,buy
10:09:27,8.11,+0.12,0.0,66,53526,buy
10:09:21,8.11,+0.12,0.0,13,10543,buy
10:09:18,8.11,+0.12,0.0,45,36495,buy
10:09:15,8.11,+0.12,0.0,5,4055,buy
10:09:12,8.11,+0.12,0.01,40,32440,buy
10:09:06,8.1,0.00,-0.01,79,63990,sell
10:09:03,8.11,+0.12,0.0,47,38117,buy
10:09:00,8.11,+0.12,-0.03,1545,1252995,sell
10:08:57,8.14,+0.49,-0.01,4,3256,sell
10:08:51,8.15,+0.62,0.0,11,8965,buy
10:08:45,8.15,+0.62,0.0,32,26080,buy
10:08:36,8.15,+0.62,0.01,78,63570,buy
10:08:33,8.14,+0.49,-0.01,52,42328,sell
10:08:27,8.15,+0.62,0.01,26,21190,buy
10:08:24,8.14,+0.49,0.0,15,12210,sell
10:08:21,8.14,+0.49,0.0,53,43142,sell
10:08:18,8.14,+0.49,0.0,2,1628,sell
10:08:12,8.14,+0.49,-0.01,1,814,sell
10:08:03,8.15,+0.62,0.0,1,815,buy
10:07:57,8.15,+0.62,-0.01,21,17115,sell
10:07:54,8.16,+0.74,0.0,17,13872,buy
10:07:48,8.16,+0.74,0.01,56,45696,buy
10:07:45,8.15,+0.62,0.0,100,81500,sell
10:07:39,8.15,+0.62,-0.01,42,34230,sell
10:07:33,8.16,+0.74,0.0,2,1632,buy
10:07:27,8.16,+0.74,0.01,37,30192,buy
10:07:21,8.15,+0.62,0.0,54,44010,sell
10:07:18,8.15,+0.62,-0.01,6,4890,sell
10:07:15,8.16,+0.74,0.0,47,38352,buy
10:07:12,8.16,+0.74,0.0,40,32640,buy
10:07:06,8.16,+0.74,0.0,103,84048,buy
10:07:03,8.16,+0.74,0.0,1,816,buy
10:07:00,8.16,+0.74,0.0,38,31008,buy
10:06:57,8.16,+0.74,0.01,36,29376,buy
10:06:54,8.15,+0.62,0.0,19,15485,sell
10:06:51,8.15,+0.62,0.0,538,438470,buy
10:06:45,8.15,+0.62,0.01,33,26895,buy
10:06:42,8.14,+0.49,-0.01,99,80586,sell
10:06:39,8.15,+0.62,0.01,1,815,buy
10:06:36,8.14,+0.49,-0.01,42,34188,sell
10:06:33,8.15,+0.62,0.0,2,1630,buy
10:06:30,8.15,+0.62,0.01,48,39120,buy
10:06:27,8.14,+0.49,0.01,17,13838,buy
10:06:24,8.13,+0.37,0.0,80,65040,sell
10:06:18,8.13,+0.37,-0.01,1,813,sell
10:06:03,8.14,+0.49,0.0,12,9768,sell
10:05:54,8.14,+0.49,0.0,1,814,buy
10:05:51,8.14,+0.49,-0.01,15,12210,sell
10:05:42,8.15,+0.62,0.0,36,29340,buy
10:05:36,8.15,+0.62,0.0,17,13855,buy
10:05:33,8.15,+0.62,0.01,100,81500,buy
10:05:27,8.14,+0.49,-0.01,20,16280,sell
10:05:21,8.15,+0.62,0.01,30,24450,buy
10:05:12,8.14,+0.49,0.0,10,8140,sell
10:04:51,8.14,+0.49,-0.01,3,2442,sell
10:04:42,8.15,+0.62,0.0,16,13040,buy
10:04:33,8.15,+0.62,0.0,2,1630,buy
10:04:24,8.15,+0.62,0.0,42,34230,buy
10:04:21,8.15,+0.62,0.0,70,57050,buy
10:04:03,8.15,+0.62,0.0,1,815,buy
10:03:57,8.15,+0.62,0.0,16,13040,buy
10:03:54,8.15,+0.62,0.0,1,815,buy
10:03:51,8.15,+0.62,0.0,1,815,buy
10:03:42,8.15,+0.62,0.0,5,4075,buy
10:03:39,8.15,+0.62,0.0,6,4890,buy
10:03:33,8.15,+0.62,0.0,4,3260,buy
10:03:06,8.15,+0.62,0.0,13,10595,buy
10:03:03,8.15,+0.62,0.0,3,2445,buy
10:03:00,8.15,+0.62,0.0,16,13040,buy
10:02:57,8.15,+0.62,-0.01,7,5705,sell
10:02:54,8.16,+0.74,0.0,5,4080,buy
10:02:51,8.16,+0.74,0.01,17,13872,buy
10:02:48,8.15,+0.62,0.0,16,13040,sell
10:02:30,8.15,+0.62,0.0,27,22005,buy
10:02:24,8.15,+0.62,0.0,100,81500,buy
10:02:18,8.15,+0.62,0.0,1,815,buy
10:02:09,8.15,+0.62,0.0,1,815,norm
10:02:09,8.15,+0.62,0.0,1,815,buy
10:02:03,8.15,+0.62,0.0,40,32600,buy
10:02:00,8.15,+0.62,0.0,80,65200,buy
10:01:57,8.15,+0.62,0.0,14,11410,buy
10:01:48,8.15,+0.62,0.0,13,10595,buy
10:01:42,8.15,+0.62,0.01,10,8150,buy
10:01:39,8.14,+0.49,-0.01,13,10582,sell
10:01:36,8.15,+0.62,0.01,12,9780,buy
10:01:33,8.14,+0.49,0.0,9,7326,sell
10:01:27,8.14,+0.49,-0.01,11,8954,sell
10:01:15,8.15,+0.62,0.0,11,8965,buy
10:01:06,8.15,+0.62,0.01,41,33415,buy
10:01:03,8.14,+0.49,-0.02,73,59422,sell
10:01:00,8.16,+0.74,0.02,15,12240,buy
10:00:57,8.14,+0.49,-0.02,6,4884,sell
10:00:54,8.16,+0.74,0.0,4,3264,buy
10:00:45,8.16,+0.74,0.02,27,22032,buy
10:00:42,8.14,+0.49,-0.02,12,9768,sell
10:00:39,8.16,+0.74,0.01,51,41616,buy
10:00:36,8.15,+0.62,-0.01,200,163000,sell
10:00:33,8.16,+0.74,0.0,2,1632,buy
10:00:24,8.16,+0.74,0.01,64,52224,buy
10:00:21,8.15,+0.62,0.0,90,73350,sell
10:00:06,8.15,+0.62,-0.01,30,24450,sell
10:00:03,8.16,+0.74,0.01,31,25296,buy
10:00:00,8.15,+0.62,0.0,31,25265,buy
09:59:54,8.15,+0.62,0.0,5,4075,buy
09:59:45,8.15,+0.62,-0.01,10,8150,sell
09:59:39,8.16,+0.74,0.0,31,25296,buy
09:59:36,8.16,+0.74,0.0,31,25296,buy
09:59:33,8.16,+0.74,0.0,2,1632,buy
09:59:30,8.16,+0.74,0.01,20,16320,buy
09:59:27,8.15,+0.62,-0.01,48,39120,sell
09:59:24,8.16,+0.74,0.0,5,4080,buy
09:59:21,8.16,+0.74,0.01,28,22848,buy
09:59:15,8.15,+0.62,0.0,37,30155,buy
09:59:09,8.15,+0.62,-0.01,243,198045,sell
09:59:06,8.16,+0.74,0.0,19,15504,buy
09:59:00,8.16,+0.74,0.01,90,73440,buy
09:58:54,8.15,+0.62,0.0,36,29340,buy
09:58:45,8.15,+0.62,0.0,27,22005,buy
09:58:39,8.15,+0.62,0.0,73,59495,sell
09:58:24,8.15,+0.62,0.0,5,4075,sell
09:58:18,8.15,+0.62,0.0,5,4075,buy
09:58:15,8.15,+0.62,0.0,34,27710,buy
09:58:12,8.15,+0.62,-0.01,11,8965,norm
09:58:03,8.16,+0.74,0.0,11,8976,buy
09:57:51,8.16,+0.74,0.02,36,29376,buy
09:57:48,8.14,+0.49,0.0,5,4070,sell
09:57:45,8.14,+0.49,-0.02,123,100122,sell
09:57:42,8.16,+0.74,0.0,16,13056,buy
09:57:39,8.16,+0.74,0.01,80,65280,buy
09:57:33,8.15,+0.62,-0.01,2,1630,buy
09:57:24,8.16,+0.74,0.02,1,816,buy
09:57:15,8.14,+0.49,0.0,8,6512,sell
09:57:09,8.14,+0.49,-0.01,48,39072,sell
09:57:06,8.15,+0.62,0.0,5,4075,sell
09:57:03,8.15,+0.62,0.0,45,36675,buy
09:57:00,8.15,+0.62,0.0,2,1630,sell
09:56:54,8.15,+0.62,0.0,29,23635,sell
09:56:51,8.15,+0.62,-0.01,10,8150,sell
09:56:39,8.16,+0.74,0.01,30,24480,buy
09:56:33,8.15,+0.62,-0.01,52,42380,sell
09:56:27,8.16,+0.74,0.0,8,6528,buy
09:56:21,8.16,+0.74,0.01,4,3264,buy
09:56:12,8.15,+0.62,-0.01,9,7335,sell
09:56:06,8.16,+0.74,0.0,12,9792,buy
09:56:03,8.16,+0.74,0.0,1,816,buy
09:56:00,8.16,+0.74,0.0,26,21216,sell
09:55:57,8.16,+0.74,0.0,12,9792,buy
09:55:54,8.16,+0.74,0.0,40,32640,sell
09:55:51,8.16,+0.74,0.0,14,11424,buy
09:55:48,8.16,+0.74,0.01,60,48960,buy
09:55:45,8.15,+0.62,-0.01,97,79055,sell
09:55:42,8.16,+0.74,0.0,52,42432,buy
09:55:36,8.16,+0.74,0.0,15,12240,buy
09:55:33,8.16,+0.74,0.0,2,1632,buy
09:55:30,8.16,+0.74,0.0,31,25296,buy
09:55:24,8.16,+0.74,0.0,115,93840,buy
09:55:15,8.16,+0.74,0.01,34,27744,buy
09:55:12,8.15,+0.62,0.0,50,40750,sell
09:55:09,8.15,+0.62,-0.01,45,36675,sell
09:55:03,8.16,+0.74,0.0,1,816,buy
09:54:48,8.16,+0.74,0.0,54,44064,buy
09:54:42,8.16,+0.74,0.0,25,20400,norm
09:54:42,8.16,+0.74,0.0,25,20400,buy
09:54:33,8.16,+0.74,0.0,39,31824,sell
09:54:27,8.16,+0.74,0.0,30,24480,sell
09:54:24,8.16,+0.74,0.0,29,23664,buy
09:54:21,8.16,+0.74,-0.01,18,14688,sell
09:54:18,8.17,+0.86,0.01,56,45752,buy
09:54:15,8.16,+0.74,-0.01,30,24480,sell
09:54:03,8.17,+0.86,0.0,1,817,buy
09:53:57,8.17,+0.86,0.01,13,10621,buy
09:53:51,8.16,+0.74,0.0,33,26928,sell
09:53:48,8.16,+0.74,0.0,13,10608,sell
09:53:42,8.16,+0.74,-0.02,30,24480,sell
09:53:33,8.18,+0.99,0.0,2,1636,buy
09:53:30,8.18,+0.99,0.02,33,26994,buy
09:53:21,8.16,+0.74,0.0,14,11424,buy
09:53:18,8.16,+0.74,0.01,31,25296,buy
09:53:15,8.15,+0.62,-0.03,28,22820,sell
09:53:09,8.18,+0.99,0.03,34,27812,buy
09:53:06,8.15,+0.62,-0.02,70,57050,sell
09:53:03,8.17,+0.86,0.0,54,44118,buy
09:52:57,8.17,+0.86,0.0,12,9804,buy
09:52:54,8.17,+0.86,0.0,49,40033,buy
09:52:51,8.17,+0.86,0.0,114,93138,buy
09:52:48,8.17,+0.86,0.0,40,32680,buy
09:52:45,8.17,+0.86,0.0,58,47386,norm
09:52:42,8.17,+0.86,0.0,40,32680,buy
09:52:39,8.17,+0.86,-0.01,20,16340,sell
09:52:33,8.18,+0.99,0.0,63,51534,buy
09:52:27,8.18,+0.99,0.02,34,27812,buy
09:52:24,8.16,+0.74,-0.02,33,26928,sell
09:52:21,8.18,+0.99,0.03,28,22904,buy
09:52:15,8.15,+0.62,-0.04,106,86390,sell
09:52:12,8.19,+1.11,0.0,38,31122,buy
09:52:06,8.19,+1.11,0.0,231,189189,buy
09:52:03,8.19,+1.11,0.01,61,49959,buy
09:52:00,8.18,+0.99,0.0,24,19632,sell
09:51:57,8.18,+0.99,0.0,6,4908,sell
09:51:54,8.18,+0.99,0.0,27,22086,buy
09:51:51,8.18,+0.99,0.01,29,23722,buy
09:51:48,8.17,+0.86,-0.01,32,26144,sell
09:51:45,8.18,+0.99,0.0,32,26176,buy
09:51:42,8.18,+0.99,0.01,26,21268,buy
09:51:39,8.17,+0.86,0.0,8,6536,buy
09:51:36,8.17,+0.86,0.0,542,442814,buy
09:51:33,8.17,+0.86,0.0,60,49020,buy
09:51:30,8.17,+0.86,0.0,200,163400,buy
09:51:24,8.17,+0.86,0.0,57,46569,buy
09:51:18,8.17,+0.86,0.01,37,30229,buy
09:51:15,8.16,+0.74,-0.01,23,18768,sell
09:51:12,8.17,+0.86,0.0,52,42484,buy
09:51:09,8.17,+0.86,0.02,144,117648,buy
09:51:06,8.15,+0.62,-0.02,660,537900,sell
09:51:03,8.17,+0.86,-0.01,906,740202,sell
09:51:00,8.18,+0.99,0.0,8,6544,sell
09:50:57,8.18,+0.99,-0.01,30,24540,sell
09:50:54,8.19,+1.11,0.0,10,8190,buy
09:50:42,8.19,+1.11,0.0,11,9009,buy
09:50:36,8.19,+1.11,0.01,1,819,buy
09:50:33,8.18,+0.99,-0.01,19,15542,sell
09:50:30,8.19,+1.11,0.0,7,5733,buy
09:50:27,8.19,+1.11,0.01,12,9828,buy
09:50:21,8.18,+0.99,-0.01,30,24540,sell
09:50:18,8.19,+1.11,0.01,10,8190,buy
09:50:09,8.18,+0.99,-0.01,3,2454,sell
09:50:03,8.19,+1.11,0.0,2,1638,buy
09:50:00,8.19,+1.11,0.0,35,28665,sell
09:49:54,8.19,+1.11,0.0,5,4095,sell
09:49:51,8.19,+1.11,0.0,27,22113,buy
09:49:48,8.19,+1.11,-0.01,80,65520,sell
09:49:45,8.2,+1.23,0.0,22,18040,buy
09:49:36,8.2,+1.23,0.01,55,45100,buy
09:49:33,8.19,+1.11,-0.01,3,2457,sell
09:49:30,8.2,+1.23,0.01,35,28700,buy
09:49:24,8.19,+1.11,0.0,20,16380,sell
09:49:21,8.19,+1.11,0.0,50,40950,sell
09:49:18,8.19,+1.11,0.0,17,13923,sell
09:49:15,8.19,+1.11,-0.01,57,46683,sell
09:49:12,8.2,+1.23,0.01,12,9840,buy
09:49:09,8.19,+1.11,0.0,20,16380,sell
09:49:06,8.19,+1.11,0.0,93,76167,sell
09:49:03,8.19,+1.11,0.0,80,65520,sell
09:49:00,8.19,+1.11,-0.01,12,9828,sell
09:48:57,8.2,+1.23,0.0,34,27880,buy
09:48:54,8.2,+1.23,0.0,47,38540,buy
09:48:51,8.2,+1.23,0.0,25,20500,buy
09:48:48,8.2,+1.23,0.0,22,18040,buy
09:48:42,8.2,+1.23,0.0,74,60680,buy
09:48:36,8.2,+1.23,0.0,70,57400,buy
09:48:33,8.2,+1.23,0.0,30,24600,buy
09:48:30,8.2,+1.23,0.01,48,39360,buy
09:48:27,8.19,+1.11,-0.01,10,8190,sell
09:48:24,8.2,+1.23,0.0,79,64780,buy
09:48:21,8.2,+1.23,0.0,17,13940,buy
09:48:15,8.2,+1.23,0.0,48,39360,buy
09:48:12,8.2,+1.23,0.0,107,87740,buy
09:48:09,8.2,+1.23,0.0,3,2460,buy
09:48:06,8.2,+1.23,0.01,10,8200,buy
09:48:00,8.19,+1.11,0.01,711,582309,buy
09:47:57,8.18,+0.99,0.0,48,39264,buy
09:47:54,8.18,+0.99,0.0,32,26176,buy
09:47:45,8.18,+0.99,0.0,5,4090,buy
09:47:42,8.18,+0.99,0.0,239,195502,buy
09:47:39,8.18,+0.99,0.01,150,122700,buy
09:47:36,8.17,+0.86,-0.01,3,2451,sell
09:47:33,8.18,+0.99,0.0,44,35992,sell
09:47:30,8.18,+0.99,0.0,3,2454,sell
09:47:27,8.18,+0.99,0.01,480,392640,buy
09:47:24,8.17,+0.86,0.0,31,25327,sell
09:47:18,8.17,+0.86,0.0,6,4902,norm
09:47:18,8.17,+0.86,-0.01,6,4902,sell
09:47:12,8.18,+0.99,0.0,24,19632,buy
09:47:03,8.18,+0.99,0.0,28,22904,buy
09:46:54,8.18,+0.99,0.01,500,409000,buy
09:46:51,8.17,+0.86,0.02,25,20425,buy
09:46:45,8.15,+0.62,0.01,17,13855,sell
09:46:42,8.14,+0.49,0.0,35,28490,sell
09:46:39,8.14,+0.49,-0.03,5,4070,sell
09:46:36,8.17,+0.86,0.02,160,130720,buy
09:46:33,8.15,+0.62,0.0,60,48900,sell
09:46:30,8.15,+0.62,-0.02,12,9780,sell
09:46:27,8.17,+0.86,0.02,50,40850,buy
09:46:21,8.15,+0.62,0.01,14,11410,buy
09:46:18,8.14,+0.49,0.0,3,2442,sell
09:46:15,8.14,+0.49,-0.03,10,8140,sell
09:46:12,8.17,+0.86,0.0,28,22876,buy
09:46:03,8.17,+0.86,0.02,33,26961,buy
09:46:00,8.15,+0.62,0.0,5,4075,sell
09:45:57,8.15,+0.62,0.01,17,13855,sell
09:45:51,8.14,+0.49,-0.02,309,251526,sell
09:45:42,8.16,+0.74,0.02,300,244800,buy
09:45:36,8.14,+0.49,0.0,163,133488,buy
09:45:33,8.14,+0.49,0.0,4,3256,buy
09:45:27,8.14,+0.49,0.01,7,5698,buy
09:45:18,8.13,+0.37,-0.01,15,12195,sell
09:45:03,8.14,+0.49,0.0,11,8954,buy
09:45:00,8.14,+0.49,0.0,17,13838,buy
09:44:54,8.14,+0.49,0.0,1,814,buy
09:44:51,8.14,+0.49,0.0,7,5698,buy
09:44:45,8.14,+0.49,0.0,7,5698,buy
09:44:33,8.14,+0.49,0.0,2,1628,buy
09:44:12,8.14,+0.49,0.0,20,16280,buy
09:44:03,8.14,+0.49,0.0,1,814,buy
09:43:54,8.14,+0.49,0.01,48,39072,buy
09:43:42,8.13,+0.37,-0.01,10,8130,sell
09:43:36,8.14,+0.49,0.01,5,4070,buy
09:43:09,8.13,+0.37,0.0,101,82113,sell
09:43:06,8.13,+0.37,-0.01,50,40650,sell
09:43:03,8.14,+0.49,0.0,2,1628,buy
09:43:00,8.14,+0.49,0.0,11,8954,buy
09:42:57,8.14,+0.49,0.0,8,6512,buy
09:42:54,8.14,+0.49,0.0,100,81400,buy
09:42:45,8.14,+0.49,0.0,21,17094,buy
09:42:42,8.14,+0.49,-0.01,35,28490,sell
09:42:39,8.15,+0.62,0.01,3,2445,buy
09:42:36,8.14,+0.49,0.0,68,55352,sell
09:42:27,8.14,+0.49,0.0,18,14652,sell
09:42:21,8.14,+0.49,0.0,50,40700,sell
09:42:18,8.14,+0.49,0.0,60,48840,buy
09:42:15,8.14,+0.49,0.0,10,8140,buy
09:42:06,8.14,+0.49,0.0,21,17094,sell
09:42:03,8.14,+0.49,0.0,13,10582,sell
09:42:00,8.14,+0.49,0.0,2,1628,norm
09:41:54,8.14,+0.49,0.0,18,14652,sell
09:41:51,8.14,+0.49,0.0,2,1628,buy
09:41:45,8.14,+0.49,0.0,264,214896,sell
09:41:42,8.14,+0.49,0.0,12,9768,sell
09:41:39,8.14,+0.49,-0.01,10,8140,sell
09:41:36,8.15,+0.62,0.01,5,4075,buy
09:41:33,8.14,+0.49,0.0,4,3256,sell
09:41:30,8.14,+0.49,0.0,80,65120,sell
09:41:27,8.14,+0.49,0.0,14,11396,sell
09:41:24,8.14,+0.49,0.0,88,71632,sell
09:41:18,8.14,+0.49,-0.01,9,7326,sell
09:41:15,8.15,+0.62,0.01,10,8150,buy
09:41:09,8.14,+0.49,0.0,5,4070,sell
09:41:06,8.14,+0.49,-0.01,1,814,sell
09:41:03,8.15,+0.62,0.0,3,2445,buy
09:41:00,8.15,+0.62,0.0,20,16300,buy
09:40:57,8.15,+0.62,0.01,1,815,buy
09:40:51,8.14,+0.49,0.0,37,30118,sell
09:40:45,8.14,+0.49,-0.01,6,4884,sell
09:40:42,8.15,+0.62,0.0,4,3260,buy
09:40:39,8.15,+0.62,0.0,13,10595,sell
09:40:33,8.15,+0.62,0.0,9,7335,buy
09:40:30,8.15,+0.62,0.0,20,16300,buy
09:40:27,8.15,+0.62,0.0,5,4075,buy
09:40:24,8.15,+0.62,0.0,17,13855,buy
09:40:21,8.15,+0.62,-0.01,8,6520,sell
09:40:18,8.16,+0.74,0.01,400,326400,buy
09:40:03,8.15,+0.62,0.01,151,123065,buy
09:40:00,8.14,+0.49,0.0,3,2442,sell
09:39:48,8.14,+0.49,0.0,93,75702,norm
09:39:48,8.14,+0.49,-0.01,93,75702,sell
09:39:33,8.15,+0.62,0.0,2,1630,buy
09:39:30,8.15,+0.62,0.0,5,4075,buy
09:39:18,8.15,+0.62,0.01,11,8965,buy
09:39:15,8.14,+0.49,0.0,12,9768,sell
09:39:12,8.14,+0.49,-0.01,1,814,sell
09:39:09,8.15,+0.62,0.0,58,47270,buy
09:39:00,8.15,+0.62,0.01,97,79055,buy
09:38:51,8.14,+0.49,0.0,3,2442,buy
09:38:48,8.14,+0.49,0.0,50,40700,buy
09:38:39,8.14,+0.49,0.0,20,16280,buy
09:38:36,8.14,+0.49,0.0,40,32560,buy
09:38:33,8.14,+0.49,0.0,2,1628,buy
09:38:27,8.14,+0.49,0.0,17,13838,buy
09:38:18,8.14,+0.49,0.0,61,49654,buy
09:38:15,8.14,+0.49,0.0,1,814,buy
09:38:06,8.14,+0.49,0.0,28,22792,buy
09:38:03,8.14,+0.49,0.0,1,814,buy
09:38:00,8.14,+0.49,-0.01,377,306878,sell
09:37:57,8.15,+0.62,0.0,78,63570,buy
09:37:54,8.15,+0.62,0.0,5,4075,buy
09:37:51,8.15,+0.62,0.0,19,15485,buy
09:37:42,8.15,+0.62,0.01,10,8150,buy
09:37:36,8.14,+0.49,-0.01,28,22792,sell
09:37:33,8.15,+0.62,-0.01,21,17115,sell
09:37:30,8.16,+0.74,0.01,20,16320,buy
09:37:27,8.15,+0.62,0.0,5,4075,sell
09:37:24,8.15,+0.62,-0.01,10,8150,sell
09:37:21,8.16,+0.74,0.0,20,16320,buy
09:37:18,8.16,+0.74,0.0,2,1632,buy
09:37:15,8.16,+0.74,0.0,15,12240,buy
09:37:12,8.16,+0.74,0.0,3,2448,buy
09:37:09,8.16,+0.74,0.0,26,21216,buy
09:37:06,8.16,+0.74,0.0,2,1632,buy
09:37:03,8.16,+0.74,0.0,4,3264,buy
09:36:57,8.16,+0.74,0.0,7,5712,buy
09:36:48,8.16,+0.74,0.01,62,50592,buy
09:36:45,8.15,+0.62,0.0,46,37490,buy
09:36:42,8.15,+0.62,-0.01,4,3260,norm
09:36:36,8.16,+0.74,0.01,13,10608,buy
09:36:33,8.15,+0.62,-0.01,12,9780,norm
09:36:09,8.16,+0.74,0.02,14,11424,buy
09:36:03,8.14,+0.49,-0.02,31,25234,sell
09:36:00,8.16,+0.74,0.01,15,12240,buy
09:35:57,8.15,+0.62,-0.01,8,6520,sell
09:35:54,8.16,+0.74,0.02,1,816,buy
09:35:51,8.14,+0.49,-0.01,30,24420,sell
09:35:45,8.15,+0.62,0.0,3,2445,buy
09:35:42,8.15,+0.62,0.0,49,39935,buy
09:35:39,8.15,+0.62,0.01,6,4890,buy
09:35:33,8.14,+0.49,-0.01,12,9768,sell
09:35:27,8.15,+0.62,0.01,115,93725,buy
09:35:15,8.14,+0.49,0.0,26,21164,buy
09:35:09,8.14,+0.49,0.01,127,103378,buy
09:35:06,8.13,+0.37,0.0,50,40650,sell
09:35:03,8.13,+0.37,0.0,21,17073,buy
09:35:00,8.13,+0.37,-0.01,30,24390,sell
09:34:57,8.14,+0.49,0.01,162,131868,buy
09:34:54,8.13,+0.37,0.01,24,19512,buy
09:34:48,8.12,+0.25,0.0,25,20300,buy
09:34:45,8.12,+0.25,0.0,3,2436,buy
09:34:42,8.12,+0.25,0.01,14,11368,buy
09:34:36,8.11,+0.12,-0.01,56,45416,sell
09:34:33,8.12,+0.25,0.0,5,4060,buy
09:34:30,8.12,+0.25,0.0,2,1624,sell
09:34:27,8.12,+0.25,-0.01,112,90944,sell
09:34:24,8.13,+0.37,0.01,100,81300,buy
09:34:21,8.12,+0.25,-0.01,10,8120,norm
09:34:03,8.13,+0.37,0.0,1,813,buy
09:33:57,8.13,+0.37,0.0,101,82113,buy
09:33:54,8.13,+0.37,0.0,12,9756,buy
09:33:51,8.13,+0.37,0.01,100,81300,buy
09:33:48,8.12,+0.25,0.01,3,2436,buy
09:33:45,8.11,+0.12,0.0,4,3244,sell
09:33:42,8.11,+0.12,-0.01,103,83533,sell
09:33:39,8.12,+0.25,0.0,10,8120,buy
09:33:33,8.12,+0.25,0.0,3,2436,sell
09:33:30,8.12,+0.25,0.0,47,38164,buy
09:33:27,8.12,+0.25,0.0,1,812,buy
09:33:24,8.12,+0.25,-0.01,19,15428,sell
09:33:21,8.13,+0.37,0.0,5,4065,buy
09:33:18,8.13,+0.37,0.0,52,42276,buy
09:33:12,8.13,+0.37,0.01,5,4065,buy
09:33:06,8.12,+0.25,-0.01,20,16240,sell
09:33:03,8.13,+0.37,0.01,2,1626,buy
09:33:00,8.12,+0.25,-0.01,5,4060,sell
09:32:54,8.13,+0.37,0.01,3,2439,buy
09:32:51,8.12,+0.25,-0.01,22,17864,sell
09:32:42,8.13,+0.37,0.0,1,813,buy
09:32:39,8.13,+0.37,0.0,13,10569,buy
09:32:36,8.13,+0.37,-0.01,63,51219,norm
09:32:33,8.14,+0.49,0.01,134,109076,buy
09:32:30,8.13,+0.37,0.0,36,29268,buy
09:32:24,8.13,+0.37,0.0,15,12195,norm
09:32:24,8.13,+0.37,-0.01,15,12195,sell
09:32:21,8.14,+0.49,0.01,6,4884,buy
09:32:18,8.13,+0.37,-0.01,51,41463,norm
09:32:06,8.14,+0.49,0.01,45,36630,buy
09:32:03,8.13,+0.37,-0.01,21,17073,buy
09:31:57,8.14,+0.49,0.05,20,16280,buy
09:31:48,8.09,-0.12,-0.05,33,26697,sell
09:31:45,8.14,+0.49,0.05,18,14652,buy
09:31:39,8.09,-0.12,0.0,128,103552,buy
09:31:33,8.09,-0.12,0.0,298,241082,buy
09:31:30,8.09,-0.12,0.0,1,809,buy
09:31:27,8.09,-0.12,0.0,3,2427,buy
09:31:24,8.09,-0.12,0.01,226,182834,norm
09:31:03,8.08,-0.25,-0.02,53,42824,sell
09:31:00,8.1,0.00,0.0,2,1620,buy
09:30:57,8.1,0.00,0.02,18,14580,buy
09:30:54,8.08,-0.25,0.0,20,16160,sell
09:30:51,8.08,-0.25,0.0,2,1616,sell
09:30:48,8.08,-0.25,0.0,21,16968,sell
09:30:39,8.08,-0.25,0.0,56,45248,buy
09:30:36,8.08,-0.25,0.0,24,19392,buy
09:30:33,8.08,-0.25,0.0,1,808,buy
09:30:30,8.08,-0.25,0.0,5,4040,buy
09:30:24,8.08,-0.25,0.0,7,5656,buy
09:30:12,8.08,-0.25,0.01,54,43632,buy
09:30:09,8.07,-0.37,0.0,11,8877,buy
09:30:06,8.07,-0.37,0.0,4,3228,buy
09:30:03,8.07,-0.37,-0.02,144,116208,sell
09:30:00,8.09,-0.12,0.0,0,0,buy
09:25:03,8.09,-0.12,0.0,164,132676,0
