time,price,pchange,change,volume,amount,type
15:00:03,25.3,+2.89,0.0,8986,22734580,sell
14:57:00,25.3,+2.89,0.0,172,435666,sell
14:56:57,25.3,+2.89,0.0,81,204930,sell
14:56:54,25.3,+2.89,0.0,905,2291674,sell
14:56:54,25.3,+2.89,0.0,905,2291674,norm
14:56:54,25.3,+2.89,0.05,905,2291674,buy
14:56:51,25.25,+2.68,-0.01,80,202000,sell
14:56:48,25.26,+2.72,-0.01,108,272808,sell
14:56:45,25.27,+2.77,0.03,52,131404,buy
14:56:42,25.24,+2.64,-0.01,586,1479064,sell
14:56:39,25.25,+2.68,-0.02,2401,6063030,sell
14:56:36,25.27,+2.77,0.0,99,250173,buy
14:56:33,25.27,+2.77,0.0,145,366415,buy
14:56:30,25.27,+2.77,-0.02,61,154147,norm
14:56:27,25.29,+2.85,0.0,85,214965,buy
14:56:24,25.29,+2.85,0.03,428,1082412,buy
14:56:21,25.26,+2.72,-0.01,352,889152,sell
14:56:18,25.27,+2.77,0.01,71,179417,sell
14:56:15,25.26,+2.72,-0.02,42,106092,sell
14:56:12,25.28,+2.81,0.01,215,543520,buy
14:56:09,25.27,+2.77,-0.01,16,40432,buy
14:56:06,25.28,+2.81,0.01,29,73312,buy
14:56:03,25.27,+2.77,0.01,40,101080,sell
14:56:00,25.26,+2.72,-0.02,65,164190,sell
14:55:57,25.28,+2.81,0.0,34,85952,sell
14:55:54,25.28,+2.81,-0.01,340,859520,sell
14:55:51,25.29,+2.85,0.02,232,586728,buy
14:55:48,25.27,+2.77,-0.02,30,75810,sell
14:55:45,25.29,+2.85,0.02,175,442575,buy
14:55:42,25.27,+2.77,-0.03,79,199633,sell
14:55:39,25.3,+2.89,0.01,49,123970,buy
14:55:36,25.29,+2.85,-0.01,67,169443,sell
14:55:33,25.3,+2.89,-0.01,556,1406680,sell
14:55:30,25.31,+2.93,0.0,703,1779293,sell
14:55:27,25.31,+2.93,0.0,58,146798,buy
14:55:24,25.31,+2.93,0.0,25,63275,sell
14:55:21,25.31,+2.93,0.0,219,554289,sell
14:55:18,25.31,+2.93,0.01,17,43027,norm
14:55:15,25.3,+2.89,-0.02,78,197340,sell
14:55:12,25.32,+2.97,0.0,231,584892,sell
14:55:09,25.32,+2.97,-0.01,96,243072,sell
14:55:06,25.33,+3.01,0.0,33,83589,buy
14:55:03,25.33,+3.01,0.0,52,131716,buy
14:55:00,25.33,+3.01,-0.01,479,1213307,sell
14:54:57,25.34,+3.05,0.0,33,83622,buy
14:54:54,25.34,+3.05,0.01,136,344624,buy
14:54:51,25.33,+3.01,-0.01,133,336889,sell
14:54:48,25.34,+3.05,-0.01,112,283808,sell
14:54:45,25.35,+3.09,0.01,169,428415,buy
14:54:42,25.34,+3.05,0.0,96,243264,sell
14:54:39,25.34,+3.05,0.01,59,149506,sell
14:54:36,25.33,+3.01,-0.02,119,301427,sell
14:54:33,25.35,+3.09,0.01,200,507000,buy
14:54:30,25.34,+3.05,0.0,46,116564,buy
14:54:27,25.34,+3.05,0.0,129,326886,sell
14:54:24,25.34,+3.05,-0.01,12,30408,sell
14:54:21,25.35,+3.09,0.01,54,136890,buy
14:54:18,25.34,+3.05,0.0,23,58282,sell
14:54:15,25.34,+3.05,-0.01,213,539742,sell
14:54:12,25.35,+3.09,0.0,350,887250,buy
14:54:09,25.35,+3.09,0.01,11,27885,buy
14:54:06,25.34,+3.05,-0.01,43,108962,sell
14:54:03,25.35,+3.09,-0.01,260,659100,sell
14:54:00,25.36,+3.13,0.01,165,418440,buy
14:53:57,25.35,+3.09,-0.01,50,126750,sell
14:53:54,25.36,+3.13,0.01,163,413368,buy
14:53:51,25.35,+3.09,-0.01,33,83655,sell
14:53:48,25.36,+3.13,0.0,303,768408,buy
14:53:45,25.36,+3.13,0.0,25,63400,norm
14:53:45,25.36,+3.13,0.0,25,63400,sell
14:53:42,25.36,+3.13,0.01,28,71008,sell
14:53:39,25.35,+3.09,-0.01,102,258570,sell
14:53:36,25.36,+3.13,0.01,18,45648,buy
14:53:33,25.35,+3.09,-0.01,7,17745,sell
14:53:30,25.36,+3.13,-0.01,7,17752,norm
14:53:27,25.37,+3.17,0.01,455,1154335,buy
14:53:24,25.36,+3.13,0.0,409,1037224,sell
14:53:21,25.36,+3.13,-0.01,182,461552,sell
14:53:18,25.37,+3.17,0.01,399,1012263,buy
14:53:15,25.36,+3.13,0.01,624,1582464,buy
14:53:12,25.35,+3.09,-0.01,50,126750,sell
14:53:09,25.36,+3.13,0.01,50,126800,buy
14:53:06,25.35,+3.09,0.0,45,114075,sell
14:53:03,25.35,+3.09,-0.01,75,190125,sell
14:53:00,25.36,+3.13,0.0,151,382936,sell
14:52:57,25.36,+3.13,0.0,71,180056,buy
14:52:54,25.36,+3.13,-0.01,47,119192,sell
14:52:51,25.37,+3.17,0.01,369,936153,buy
14:52:48,25.36,+3.13,0.0,210,532560,sell
14:52:45,25.36,+3.13,0.0,88,223168,sell
14:52:42,25.36,+3.13,0.0,62,157232,sell
14:52:39,25.36,+3.13,0.0,95,240920,sell
14:52:36,25.36,+3.13,-0.01,371,940856,sell
14:52:33,25.37,+3.17,0.0,28,71036,norm
14:52:30,25.37,+3.17,0.01,64,162368,norm
14:52:27,25.36,+3.13,-0.01,26,65936,sell
14:52:24,25.37,+3.17,0.01,25,63425,norm
14:52:21,25.36,+3.13,0.0,265,672040,sell
14:52:18,25.36,+3.13,0.0,62,157232,sell
14:52:15,25.36,+3.13,-0.02,42,106512,sell
14:52:12,25.38,+3.21,-0.01,57,144666,sell
14:52:09,25.39,+3.25,0.04,69,175191,buy
14:52:06,25.35,+3.09,0.0,41,103935,buy
14:52:03,25.35,+3.09,-0.02,635,1609725,sell
14:52:00,25.37,+3.17,0.02,434,1101058,buy
14:51:57,25.35,+3.09,0.0,87,220545,sell
14:51:54,25.35,+3.09,0.0,15,38025,sell
14:51:51,25.35,+3.09,0.0,36,91260,sell
14:51:48,25.35,+3.09,0.01,151,382785,buy
14:51:45,25.34,+3.05,0.0,640,1621760,sell
14:51:42,25.34,+3.05,0.0,96,243264,sell
14:51:39,25.34,+3.05,0.01,782,1981588,buy
14:51:36,25.33,+3.01,0.0,35,88655,buy
14:51:33,25.33,+3.01,0.0,41,103853,buy
14:51:30,25.33,+3.01,-0.01,127,321691,sell
14:51:27,25.34,+3.05,0.0,798,2022132,buy
14:51:24,25.34,+3.05,0.01,18,45612,buy
14:51:21,25.33,+3.01,-0.01,22,55726,sell
14:51:18,25.34,+3.05,0.01,52,131768,buy
14:51:15,25.33,+3.01,0.0,36,91188,sell
14:51:12,25.33,+3.01,-0.01,31,78523,sell
14:51:09,25.34,+3.05,0.0,110,278740,sell
14:51:06,25.34,+3.05,0.01,401,1016134,buy
14:51:03,25.33,+3.01,0.0,124,314092,buy
14:51:00,25.33,+3.01,0.0,29,73457,buy
14:50:57,25.33,+3.01,0.0,49,124117,buy
14:50:54,25.33,+3.01,-0.01,44,111452,sell
14:50:51,25.34,+3.05,0.01,13,32942,buy
14:50:48,25.33,+3.01,-0.01,43,108919,sell
14:50:45,25.34,+3.05,0.01,156,395304,buy
14:50:42,25.33,+3.01,-0.01,173,438209,sell
14:50:39,25.34,+3.05,0.01,259,656306,buy
14:50:36,25.33,+3.01,0.0,74,187442,norm
14:50:36,25.33,+3.01,-0.01,74,187442,sell
14:50:33,25.34,+3.05,0.0,2,5068,buy
14:50:30,25.34,+3.05,0.01,8,20272,norm
14:50:27,25.33,+3.01,-0.01,161,407813,sell
14:50:24,25.34,+3.05,0.0,33,83622,sell
14:50:21,25.34,+3.05,0.0,34,86156,sell
14:50:18,25.34,+3.05,0.02,399,1011066,buy
14:50:15,25.32,+2.97,-0.01,184,465888,sell
14:50:12,25.33,+3.01,0.01,580,1469140,buy
14:50:09,25.32,+2.97,-0.01,136,344352,sell
14:50:06,25.33,+3.01,0.0,116,293828,buy
14:50:03,25.33,+3.01,0.0,243,615519,buy
14:50:00,25.33,+3.01,0.01,27,68391,buy
14:49:57,25.32,+2.97,-0.02,273,691236,sell
14:49:54,25.34,+3.05,0.01,47,119098,norm
14:49:51,25.33,+3.01,-0.01,154,390082,sell
14:49:48,25.34,+3.05,-0.01,53,134302,sell
14:49:45,25.35,+3.09,0.0,57,144495,buy
14:49:42,25.35,+3.09,0.02,96,243360,buy
14:49:39,25.33,+3.01,0.0,383,970139,sell
14:49:36,25.33,+3.01,-0.01,181,458473,sell
14:49:33,25.34,+3.05,0.0,243,615762,sell
14:49:30,25.34,+3.05,0.01,81,205254,buy
14:49:27,25.33,+3.01,-0.01,50,126650,sell
14:49:24,25.34,+3.05,0.0,53,134302,buy
14:49:21,25.34,+3.05,0.01,110,278740,buy
14:49:18,25.33,+3.01,-0.01,3,7599,sell
14:49:15,25.34,+3.05,0.01,70,177380,buy
14:49:12,25.33,+3.01,0.0,51,129183,sell
14:49:09,25.33,+3.01,0.0,54,136782,sell
14:49:06,25.33,+3.01,-0.01,22,55726,sell
14:49:03,25.34,+3.05,0.01,1,2534,buy
14:49:00,25.33,+3.01,0.0,34,86122,sell
14:48:57,25.33,+3.01,0.0,25,63325,sell
14:48:54,25.33,+3.01,0.01,133,336889,buy
14:48:51,25.32,+2.97,0.0,50,126600,sell
14:48:48,25.32,+2.97,0.0,30,75960,sell
14:48:45,25.32,+2.97,0.01,35,88620,buy
14:48:42,25.31,+2.93,0.0,13,32903,sell
14:48:39,25.31,+2.93,0.0,9,22779,sell
14:48:36,25.31,+2.93,0.01,31,78461,buy
14:48:33,25.3,+2.89,-0.01,128,323840,sell
14:48:30,25.31,+2.93,-0.01,45,113895,sell
14:48:27,25.32,+2.97,0.01,319,807708,buy
14:48:24,25.31,+2.93,0.0,211,534041,buy
14:48:21,25.31,+2.93,0.0,66,167046,buy
14:48:18,25.31,+2.93,0.0,25,63275,buy
14:48:15,25.31,+2.93,0.0,116,293596,sell
14:48:12,25.31,+2.93,0.0,141,356871,sell
14:48:09,25.31,+2.93,0.0,17,43027,sell
14:48:06,25.31,+2.93,0.01,22,55682,norm
14:48:03,25.3,+2.89,0.0,53,134090,sell
14:48:00,25.3,+2.89,0.0,102,258060,sell
14:47:57,25.3,+2.89,0.0,5,12650,sell
14:47:54,25.3,+2.89,0.0,125,316250,sell
14:47:51,25.3,+2.89,0.02,303,767349,buy
14:47:48,25.28,+2.81,-0.01,13,32864,sell
14:47:45,25.29,+2.85,0.01,302,763758,buy
14:47:42,25.28,+2.81,0.0,3,7584,sell
14:47:39,25.28,+2.81,0.01,288,728064,buy
14:47:36,25.27,+2.77,-0.01,2,5054,sell
14:47:33,25.28,+2.81,-0.01,6,15168,sell
14:47:30,25.29,+2.85,0.0,27,68283,buy
14:47:27,25.29,+2.85,0.0,16,40464,norm
14:47:27,25.29,+2.85,0.02,16,40464,buy
14:47:24,25.27,+2.77,-0.03,24,62417,sell
14:47:21,25.3,+2.89,0.0,71,179630,buy
14:47:15,25.3,+2.89,0.01,4,10120,buy
14:47:12,25.29,+2.85,0.0,8,20232,sell
14:47:09,25.29,+2.85,0.03,44,112035,buy
14:47:06,25.26,+2.72,0.0,44,111144,sell
14:47:03,25.26,+2.72,0.0,331,837116,sell
14:47:00,25.26,+2.72,0.01,38,97302,buy
14:46:57,25.25,+2.68,-0.01,130,328250,sell
14:46:54,25.26,+2.72,0.0,23,58098,buy
14:46:51,25.26,+2.72,0.0,42,106092,sell
14:46:48,25.26,+2.72,0.0,13,32838,buy
14:46:45,25.26,+2.72,0.0,247,623922,sell
14:46:42,25.26,+2.72,0.0,13,32838,sell
14:46:39,25.26,+2.72,-0.01,16,40416,sell
14:46:36,25.27,+2.77,-0.01,119,300713,sell
14:46:33,25.28,+2.81,0.0,67,171146,sell
14:46:30,25.28,+2.81,-0.01,53,133984,sell
14:46:27,25.29,+2.85,-0.01,62,156798,sell
14:46:24,25.3,+2.89,0.0,17,43010,buy
14:46:21,25.3,+2.89,0.0,121,306130,sell
14:46:18,25.3,+2.89,-0.01,116,293480,sell
14:46:15,25.31,+2.93,0.0,16,40496,buy
14:46:12,25.31,+2.93,0.01,123,311313,buy
14:46:09,25.3,+2.89,-0.01,3,7590,sell
14:46:06,25.31,+2.93,0.01,92,232852,buy
14:46:03,25.3,+2.89,0.0,24,60720,sell
14:46:00,25.3,+2.89,-0.01,8,20240,norm
14:45:54,25.31,+2.93,0.0,14,35434,buy
14:45:51,25.31,+2.93,0.03,37,93647,buy
14:45:48,25.28,+2.81,-0.02,63,159264,sell
14:45:45,25.3,+2.89,-0.02,620,1568600,sell
14:45:42,25.32,+2.97,0.0,68,172176,buy
14:45:39,25.32,+2.97,0.0,131,331692,buy
14:45:36,25.32,+2.97,0.0,21,53172,buy
14:45:33,25.32,+2.97,-0.02,220,557040,sell
14:45:30,25.34,+3.05,0.01,56,141904,buy
14:45:27,25.33,+3.01,-0.01,2,5066,sell
14:45:24,25.34,+3.05,0.02,70,177380,buy
14:45:21,25.32,+2.97,-0.02,189,478548,sell
14:45:18,25.34,+3.05,0.0,7,17738,buy
14:45:15,25.34,+3.05,-0.01,289,732503,sell
14:45:12,25.35,+3.09,-0.01,14,35490,sell
14:45:09,25.36,+3.13,0.01,62,157232,buy
14:45:06,25.35,+3.09,0.01,146,370110,buy
14:45:03,25.34,+3.05,0.0,70,179737,sell
14:45:00,25.34,+3.05,0.0,2,5068,sell
14:44:57,25.34,+3.05,0.0,79,200186,sell
14:44:54,25.34,+3.05,0.0,120,304080,sell
14:44:51,25.34,+3.05,0.04,319,809106,buy
14:44:48,25.3,+2.89,-0.01,49,123970,sell
14:44:45,25.31,+2.93,0.01,21,53151,buy
14:44:42,25.3,+2.89,-0.01,15,37950,sell
14:44:39,25.31,+2.93,0.01,16,40496,buy
14:44:36,25.3,+2.89,-0.02,458,1160511,sell
14:44:33,25.32,+2.97,0.0,2,5064,buy
14:44:30,25.32,+2.97,0.01,10,25320,norm
14:44:27,25.31,+2.93,-0.02,419,1060489,sell
14:44:24,25.33,+3.01,0.0,15,37995,buy
14:44:21,25.33,+3.01,0.01,3,7599,buy
14:44:18,25.32,+2.97,0.0,113,286116,norm
14:44:18,25.32,+2.97,-0.01,113,286116,sell
14:44:15,25.33,+3.01,0.0,5,12665,buy
14:44:12,25.33,+3.01,0.0,20,50660,sell
14:44:09,25.33,+3.01,0.01,56,141848,sell
14:44:06,25.32,+2.97,-0.01,69,175468,sell
14:44:03,25.33,+3.01,0.0,29,73457,buy
14:44:00,25.33,+3.01,-0.01,989,2506910,sell
14:43:57,25.34,+3.05,0.0,22,55748,sell
14:43:54,25.34,+3.05,-0.01,35,88690,sell
14:43:51,25.35,+3.09,0.01,17,43095,buy
14:43:48,25.34,+3.05,-0.01,6,15204,norm
14:43:42,25.35,+3.09,0.02,30,76050,buy
14:43:39,25.33,+3.01,-0.02,153,387549,sell
14:43:36,25.35,+3.09,0.0,34,86190,buy
14:43:33,25.35,+3.09,0.0,14,35490,buy
14:43:30,25.35,+3.09,-0.03,874,2215590,sell
14:43:27,25.38,+3.21,0.0,119,302022,sell
14:43:24,25.38,+3.21,0.02,300,761400,buy
14:43:21,25.36,+3.13,0.0,216,547776,buy
14:43:18,25.36,+3.13,0.0,44,111584,buy
14:43:15,25.36,+3.13,0.01,3,7608,buy
14:43:12,25.35,+3.09,-0.01,10,25350,sell
14:43:09,25.36,+3.13,0.0,46,116656,sell
14:43:06,25.36,+3.13,-0.01,97,245992,sell
14:43:03,25.37,+3.17,0.01,413,1047781,buy
14:43:00,25.36,+3.13,-0.01,17,43112,sell
14:42:57,25.37,+3.17,-0.01,13,32981,sell
14:42:54,25.38,+3.21,0.0,3,7614,buy
14:42:51,25.38,+3.21,0.0,25,63450,buy
14:42:48,25.38,+3.21,-0.02,409,1038042,sell
14:42:45,25.4,+3.29,0.0,113,287020,sell
14:42:42,25.4,+3.29,-0.01,35,88900,sell
14:42:39,25.41,+3.33,0.01,42,106722,buy
14:42:36,25.4,+3.29,0.0,75,190500,sell
14:42:30,25.4,+3.29,0.0,99,251460,sell
14:42:27,25.4,+3.29,-0.01,184,467360,sell
14:42:24,25.41,+3.33,0.01,34,86394,buy
14:42:21,25.4,+3.29,0.0,125,317500,sell
14:42:18,25.4,+3.29,-0.01,113,287020,sell
14:42:15,25.41,+3.33,0.01,44,111804,buy
14:42:12,25.4,+3.29,0.0,155,393700,sell
14:42:09,25.4,+3.29,0.0,3,7620,sell
14:42:06,25.4,+3.29,0.0,15,38100,sell
14:42:03,25.4,+3.29,-0.01,13,33020,sell
14:42:00,25.41,+3.33,0.0,40,101640,sell
14:41:57,25.41,+3.33,0.0,137,348117,sell
14:41:54,25.41,+3.33,0.0,8,20328,sell
14:41:51,25.41,+3.33,0.0,18,45738,sell
14:41:48,25.41,+3.33,0.0,26,66066,sell
14:41:45,25.41,+3.33,0.0,9,22869,sell
14:41:42,25.41,+3.33,0.0,133,337953,sell
14:41:39,25.41,+3.33,0.0,569,1445829,sell
14:41:36,25.41,+3.33,0.01,28,71148,buy
14:41:33,25.4,+3.29,-0.01,17,43180,sell
14:41:30,25.41,+3.33,0.0,8,20328,sell
14:41:27,25.41,+3.33,-0.03,19,48279,sell
14:41:24,25.44,+3.46,0.02,513,1305072,buy
14:41:21,25.42,+3.38,0.0,75,190650,sell
14:41:18,25.42,+3.38,-0.01,15,38130,norm
14:41:15,25.43,+3.42,0.02,135,343305,buy
14:41:12,25.41,+3.33,0.0,50,127050,sell
14:41:12,25.41,+3.33,0.0,50,127050,norm
14:41:12,25.41,+3.33,-0.01,50,127050,sell
14:41:09,25.42,+3.38,0.0,10,25420,buy
14:41:06,25.42,+3.38,-0.01,213,541446,sell
14:41:03,25.43,+3.42,0.0,90,228870,buy
14:41:00,25.43,+3.42,0.0,65,165295,buy
14:40:57,25.43,+3.42,0.0,47,119521,buy
14:40:54,25.43,+3.42,0.0,97,246671,buy
14:40:51,25.43,+3.42,-0.01,53,134779,sell
14:40:48,25.44,+3.46,0.0,55,139920,buy
14:40:45,25.44,+3.46,0.0,12,30528,buy
14:40:42,25.44,+3.46,0.0,25,63600,buy
14:40:39,25.44,+3.46,-0.01,36,91584,norm
14:40:36,25.45,+3.50,0.02,335,852575,buy
14:40:33,25.43,+3.42,0.01,28,71204,buy
14:40:30,25.42,+3.38,-0.01,44,111848,sell
14:40:27,25.43,+3.42,-0.01,10,25430,sell
14:40:24,25.44,+3.46,0.01,109,277296,buy
14:40:21,25.43,+3.42,0.0,20,50860,sell
14:40:18,25.43,+3.42,0.0,117,297531,sell
14:40:15,25.43,+3.42,0.0,101,256843,sell
14:40:12,25.43,+3.42,0.01,70,178010,norm
14:40:09,25.42,+3.38,0.0,679,1726018,buy
14:40:06,25.42,+3.38,0.01,54,137268,buy
14:40:03,25.41,+3.33,-0.01,632,1605912,sell
14:40:00,25.42,+3.38,0.01,58,147436,buy
14:39:57,25.41,+3.33,0.0,35,88935,sell
14:39:54,25.41,+3.33,-0.01,309,785169,sell
14:39:51,25.42,+3.38,0.02,207,527999,buy
14:39:48,25.4,+3.29,0.0,269,683260,sell
14:39:45,25.4,+3.29,0.02,46,116840,buy
14:39:42,25.38,+3.21,-0.02,86,219004,sell
14:39:39,25.4,+3.29,-0.01,26,66040,sell
14:39:36,25.41,+3.33,0.01,964,2451328,buy
14:39:33,25.4,+3.29,0.05,244,619760,buy
14:39:30,25.35,+3.09,-0.05,4026,10205910,sell
14:39:27,25.4,+3.29,0.04,2858,7259320,buy
14:39:24,25.36,+3.13,0.01,17,43112,buy
14:39:21,25.35,+3.09,0.0,6,15210,sell
14:39:18,25.35,+3.09,0.02,64,162240,buy
14:39:15,25.33,+3.01,0.02,38,97014,buy
14:39:12,25.31,+2.93,-0.01,39,98709,sell
14:39:09,25.32,+2.97,0.0,189,480320,sell
14:39:06,25.32,+2.97,-0.01,25,63300,sell
14:39:03,25.33,+3.01,0.01,25,64085,buy
14:39:00,25.32,+2.97,0.0,98,248136,buy
14:38:57,25.32,+2.97,0.01,7,17724,buy
14:38:54,25.31,+2.93,-0.01,7,19489,sell
14:38:51,25.32,+2.97,0.0,1,2532,buy
14:38:48,25.32,+2.97,-0.01,540,1367280,sell
14:38:45,25.33,+3.01,0.0,902,2284766,buy
14:38:42,25.33,+3.01,0.01,23,58259,buy
14:38:39,25.32,+2.97,-0.01,80,202560,sell
14:38:36,25.33,+3.01,-0.01,222,562326,sell
14:38:33,25.34,+3.05,0.01,291,737394,buy
14:38:30,25.33,+3.01,0.0,19,48127,sell
14:38:27,25.33,+3.01,0.0,3,7599,sell
14:38:24,25.33,+3.01,0.01,26,65858,buy
14:38:21,25.32,+2.97,-0.01,65,164580,sell
14:38:18,25.33,+3.01,0.0,202,511666,sell
14:38:15,25.33,+3.01,-0.01,20,50660,sell
14:38:12,25.34,+3.05,0.03,9,22806,buy
14:38:09,25.31,+2.93,-0.04,117,296127,sell
14:38:06,25.35,+3.09,0.01,50,126750,buy
14:38:03,25.34,+3.05,0.0,66,167244,sell
14:38:03,25.34,+3.05,0.0,66,167244,norm
14:38:03,25.34,+3.05,0.0,66,167244,buy
14:38:00,25.34,+3.05,0.01,3,7602,buy
14:37:57,25.33,+3.01,-0.01,19,48127,sell
14:37:54,25.34,+3.05,-0.01,30,76020,sell
14:37:51,25.35,+3.09,0.0,23,58305,sell
14:37:48,25.35,+3.09,0.0,17,43095,sell
14:37:45,25.35,+3.09,0.03,74,187590,buy
14:37:42,25.32,+2.97,0.01,10,25320,buy
14:37:39,25.31,+2.93,-0.02,16,40496,sell
14:37:36,25.33,+3.01,0.01,8,20264,buy
14:37:33,25.32,+2.97,-0.04,24,60768,sell
14:37:30,25.36,+3.13,0.04,17,43112,buy
14:37:27,25.32,+2.97,0.0,4,10128,buy
14:37:24,25.32,+2.97,0.01,64,162048,buy
14:37:21,25.31,+2.93,-0.05,1474,3730694,sell
14:37:18,25.36,+3.13,0.04,33,83688,norm
14:37:09,25.32,+2.97,-0.04,12,30384,sell
14:37:06,25.36,+3.13,0.0,18,45648,sell
14:37:03,25.36,+3.13,0.05,790,2004201,buy
14:37:00,25.31,+2.93,0.0,10,25310,sell
14:36:57,25.31,+2.93,0.0,38,96178,buy
14:36:54,25.31,+2.93,0.01,50,126550,buy
14:36:51,25.3,+2.89,0.01,55,139150,buy
14:36:48,25.29,+2.85,0.01,10,25290,sell
14:36:45,25.28,+2.81,-0.01,380,960640,sell
14:36:42,25.29,+2.85,0.0,78,197262,buy
14:36:39,25.29,+2.85,0.01,6,15174,buy
14:36:36,25.28,+2.81,0.0,19,48032,sell
14:36:33,25.28,+2.81,0.0,15,37920,sell
14:36:30,25.28,+2.81,0.0,97,245216,sell
14:36:27,25.28,+2.81,-0.01,40,101120,sell
14:36:24,25.29,+2.85,0.03,92,232668,buy
14:36:21,25.26,+2.72,-0.03,496,1252896,sell
14:36:18,25.29,+2.85,0.0,20,50580,buy
14:36:15,25.29,+2.85,0.01,29,73341,buy
14:36:12,25.28,+2.81,0.0,71,179488,buy
14:36:09,25.28,+2.81,-0.01,13,32864,buy
14:36:06,25.29,+2.85,0.02,41,103689,buy
14:36:03,25.27,+2.77,-0.02,73,184471,sell
14:36:00,25.29,+2.85,0.01,8,20232,buy
14:35:57,25.28,+2.81,-0.01,61,154208,sell
14:35:54,25.29,+2.85,0.0,1,2529,buy
14:35:51,25.29,+2.85,0.01,11,27819,buy
14:35:48,25.28,+2.81,0.0,20,50560,buy
14:35:45,25.28,+2.81,0.0,45,113760,sell
14:35:42,25.28,+2.81,-0.01,27,68256,sell
14:35:39,25.29,+2.85,0.01,69,174501,norm
14:35:36,25.28,+2.81,-0.01,39,98592,sell
14:35:33,25.29,+2.85,0.01,50,126450,norm
14:35:30,25.28,+2.81,-0.02,16,40448,sell
14:35:27,25.3,+2.89,0.0,38,96140,buy
14:35:24,25.3,+2.89,0.01,6,15180,buy
14:35:21,25.29,+2.85,0.01,19,48051,buy
14:35:18,25.28,+2.81,0.0,51,128928,sell
14:35:15,25.28,+2.81,0.01,46,116288,buy
14:35:12,25.27,+2.77,0.0,4,10108,sell
14:35:09,25.27,+2.77,-0.01,26,65702,sell
14:35:06,25.28,+2.81,0.02,59,149152,buy
14:35:03,25.26,+2.72,0.0,30,75780,buy
14:35:00,25.26,+2.72,-0.01,38,95988,sell
14:34:57,25.27,+2.77,0.01,65,164255,buy
14:34:54,25.26,+2.72,0.0,6,15156,norm
14:34:54,25.26,+2.72,0.01,6,15156,buy
14:34:51,25.25,+2.68,0.01,65,166145,buy
14:34:48,25.24,+2.64,-0.01,54,136296,sell
14:34:45,25.25,+2.68,0.01,2,5050,buy
14:34:42,25.24,+2.64,0.01,8,20192,norm
14:34:39,25.23,+2.60,0.0,14,35322,sell
14:34:36,25.23,+2.60,0.0,69,174087,sell
14:34:33,25.23,+2.60,0.0,768,1937664,buy
14:34:30,25.23,+2.60,0.0,281,708963,buy
14:34:27,25.23,+2.60,0.0,35,88305,buy
14:34:24,25.23,+2.60,0.01,6,15138,buy
14:34:21,25.22,+2.56,-0.01,26,65572,sell
14:34:18,25.23,+2.60,0.0,19,47937,buy
14:34:15,25.23,+2.60,0.0,48,121104,buy
14:34:12,25.23,+2.60,0.01,13,32799,buy
14:34:09,25.22,+2.56,0.02,26,65572,norm
14:34:06,25.2,+2.48,0.0,27,68040,sell
14:34:03,25.2,+2.48,-0.03,63,158760,sell
14:34:00,25.23,+2.60,0.02,40,100920,buy
14:33:57,25.21,+2.52,0.0,37,93277,sell
14:33:54,25.21,+2.52,-0.01,139,350419,norm
14:33:51,25.22,+2.56,0.0,15,37830,buy
14:33:48,25.22,+2.56,0.01,27,68094,buy
14:33:45,25.21,+2.52,0.0,8,20168,buy
14:33:42,25.21,+2.52,0.0,41,103361,sell
14:33:39,25.21,+2.52,-0.01,27,68067,sell
14:33:36,25.22,+2.56,0.0,76,191672,sell
14:33:33,25.22,+2.56,0.0,69,174018,sell
14:33:30,25.22,+2.56,0.01,67,168974,buy
14:33:27,25.21,+2.52,-0.01,90,226890,sell
14:33:24,25.22,+2.56,0.0,22,55484,buy
14:33:21,25.22,+2.56,-0.01,58,146276,sell
14:33:18,25.23,+2.60,-0.02,5,12615,sell
14:33:15,25.25,+2.68,0.0,3,7575,buy
14:33:12,25.25,+2.68,0.0,20,50500,buy
14:33:09,25.25,+2.68,0.0,95,239875,sell
14:33:06,25.25,+2.68,0.0,31,78275,sell
14:33:03,25.25,+2.68,-0.01,38,95950,sell
14:33:00,25.26,+2.72,0.01,97,245022,norm
14:32:57,25.25,+2.68,-0.01,16,40400,sell
14:32:54,25.26,+2.72,0.0,13,32838,buy
14:32:51,25.26,+2.72,-0.02,49,123774,sell
14:32:48,25.28,+2.81,0.0,2,5056,buy
14:32:45,25.28,+2.81,0.0,613,1549664,sell
14:32:42,25.28,+2.81,-0.01,1,2528,sell
14:32:39,25.29,+2.85,0.01,7,17703,norm
14:32:36,25.28,+2.81,-0.02,90,227520,sell
14:32:33,25.3,+2.89,0.0,738,1867140,sell
14:32:27,25.3,+2.89,-0.01,153,387090,sell
14:32:24,25.31,+2.93,-0.01,20,50620,sell
14:32:21,25.32,+2.97,0.01,9,22788,buy
14:32:18,25.31,+2.93,0.0,7,17717,sell
14:32:15,25.31,+2.93,-0.01,13,32903,sell
14:32:12,25.32,+2.97,-0.01,7,17724,norm
14:32:09,25.33,+3.01,0.0,31,78523,buy
14:32:06,25.33,+3.01,0.0,18,45594,norm
14:32:03,25.33,+3.01,0.0,12,30396,buy
14:32:00,25.33,+3.01,0.0,15,37995,sell
14:31:57,25.33,+3.01,0.0,23,58259,sell
14:31:54,25.33,+3.01,-0.02,3,7599,sell
14:31:51,25.35,+3.09,0.02,9,22815,buy
14:31:48,25.33,+3.01,-0.02,93,235569,sell
14:31:45,25.35,+3.09,-0.02,1,2535,norm
14:31:45,25.35,+3.09,0.0,1,2535,buy
14:31:42,25.35,+3.09,0.0,19,49179,sell
14:31:39,25.35,+3.09,0.0,77,195195,sell
14:31:36,25.35,+3.09,0.0,37,95316,buy
14:31:33,25.35,+3.09,-0.01,70,178464,sell
14:31:30,25.36,+3.13,0.01,3,7608,buy
14:31:27,25.35,+3.09,-0.01,10,25350,sell
14:31:24,25.36,+3.13,0.01,92,233312,buy
14:31:21,25.35,+3.09,-0.01,153,387855,sell
14:31:18,25.36,+3.13,0.01,31,78616,buy
14:31:15,25.35,+3.09,0.0,58,148551,sell
14:31:12,25.35,+3.09,0.0,7,17745,sell
14:31:09,25.35,+3.09,0.0,12,30420,sell
14:31:06,25.35,+3.09,0.0,13,32955,sell
14:31:03,25.35,+3.09,-0.01,3,7605,sell
14:31:00,25.36,+3.13,0.01,21,53256,buy
14:30:57,25.35,+3.09,0.0,19,48165,sell
14:30:54,25.35,+3.09,0.0,248,628680,sell
14:30:51,25.35,+3.09,-0.01,13,32955,sell
14:30:48,25.36,+3.13,0.0,17,43112,buy
14:30:45,25.36,+3.13,0.01,13,32968,buy
14:30:42,25.35,+3.09,-0.01,68,172380,sell
14:30:39,25.36,+3.13,0.01,37,93832,buy
14:30:36,25.35,+3.09,-0.01,209,529815,sell
14:30:33,25.36,+3.13,0.0,1,2536,buy
14:30:30,25.36,+3.13,0.01,237,601032,norm
14:30:27,25.35,+3.09,-0.01,83,210405,sell
14:30:24,25.36,+3.13,0.01,16,40576,norm
14:30:21,25.35,+3.09,-0.02,21,53235,sell
14:30:18,25.37,+3.17,0.01,46,116702,buy
14:30:15,25.36,+3.13,0.0,21,53256,buy
14:30:12,25.36,+3.13,0.0,10,25360,buy
14:30:09,25.36,+3.13,-0.01,16,40576,sell
14:30:06,25.37,+3.17,0.02,94,238478,buy
14:30:03,25.35,+3.09,-0.01,40,101400,sell
14:30:00,25.36,+3.13,0.0,3,7608,sell
14:29:57,25.36,+3.13,-0.02,11,27896,sell
14:29:54,25.38,+3.21,0.01,43,109134,buy
14:29:51,25.37,+3.17,0.0,84,213159,sell
14:29:48,25.37,+3.17,0.0,12,30444,sell
14:29:45,25.37,+3.17,0.0,3,7611,sell
14:29:42,25.37,+3.17,0.0,148,377962,sell
14:29:39,25.37,+3.17,-0.01,3,7611,sell
14:29:36,25.38,+3.21,0.01,79,200502,buy
14:29:33,25.37,+3.17,0.0,5,12685,sell
14:29:30,25.37,+3.17,-0.01,10,25370,sell
14:29:27,25.38,+3.21,0.01,12,30456,buy
14:29:24,25.37,+3.17,-0.01,68,172516,sell
14:29:21,25.38,+3.21,0.01,23,58374,buy
14:29:18,25.37,+3.17,-0.01,60,152220,sell
14:29:15,25.38,+3.21,0.0,221,560898,buy
14:29:12,25.38,+3.21,0.0,92,233496,buy
14:29:09,25.38,+3.21,0.01,30,76140,buy
14:29:06,25.37,+3.17,-0.01,86,218182,sell
14:29:03,25.38,+3.21,0.01,25,63450,buy
14:29:00,25.37,+3.17,-0.01,74,187738,sell
14:28:57,25.38,+3.21,0.0,70,177660,buy
14:28:54,25.38,+3.21,0.01,2,5076,buy
14:28:51,25.37,+3.17,0.01,26,65962,buy
14:28:48,25.36,+3.13,-0.01,67,169912,sell
14:28:45,25.37,+3.17,0.0,46,116702,sell
14:28:42,25.37,+3.17,0.0,32,81184,sell
14:28:39,25.37,+3.17,0.01,51,129387,buy
14:28:36,25.36,+3.13,0.0,401,1016936,norm
14:28:36,25.36,+3.13,0.0,401,1016936,buy
14:28:33,25.36,+3.13,0.01,28,71008,buy
14:28:30,25.35,+3.09,-0.01,110,278850,sell
14:28:27,25.36,+3.13,0.0,32,81152,buy
14:28:24,25.36,+3.13,0.01,22,55792,buy
14:28:21,25.35,+3.09,0.0,165,418275,sell
14:28:18,25.35,+3.09,0.0,40,101400,sell
14:28:15,25.35,+3.09,0.0,4,10140,sell
14:28:12,25.35,+3.09,0.0,54,136890,sell
14:28:09,25.35,+3.09,0.0,41,103935,sell
14:28:06,25.35,+3.09,0.0,90,228150,sell
14:28:03,25.35,+3.09,0.0,68,172380,sell
14:28:00,25.35,+3.09,0.0,102,258570,buy
14:27:57,25.35,+3.09,0.01,16,40560,buy
14:27:54,25.34,+3.05,0.0,36,91224,sell
14:27:51,25.34,+3.05,-0.01,26,65884,sell
14:27:48,25.35,+3.09,0.0,23,58305,buy
14:27:45,25.35,+3.09,0.0,54,136890,buy
14:27:42,25.35,+3.09,0.01,67,169845,buy
14:27:39,25.34,+3.05,0.0,21,53214,sell
14:27:36,25.34,+3.05,0.0,25,63350,sell
14:27:33,25.34,+3.05,0.0,3,7602,sell
14:27:30,25.34,+3.05,0.0,18,45612,sell
14:27:27,25.34,+3.05,0.01,26,65884,buy
14:27:24,25.33,+3.01,0.01,41,103853,buy
14:27:21,25.32,+2.97,0.0,57,144324,sell
14:27:18,25.32,+2.97,-0.01,5,12660,sell
14:27:15,25.33,+3.01,0.0,5,12665,sell
14:27:12,25.33,+3.01,0.01,70,177310,buy
14:27:09,25.32,+2.97,0.0,64,162048,sell
14:27:06,25.32,+2.97,0.0,47,119004,sell
14:27:03,25.32,+2.97,-0.01,43,108876,sell
14:27:00,25.33,+3.01,0.01,19,48127,norm
14:26:57,25.32,+2.97,0.0,35,88620,sell
14:26:54,25.32,+2.97,0.0,22,55704,sell
14:26:51,25.32,+2.97,0.0,70,177240,sell
14:26:48,25.32,+2.97,0.0,32,81024,sell
14:26:45,25.32,+2.97,0.0,26,65832,sell
14:26:42,25.32,+2.97,0.0,51,129132,sell
14:26:39,25.32,+2.97,0.0,1576,3992787,sell
14:26:36,25.32,+2.97,0.0,57,144324,sell
14:26:33,25.32,+2.97,0.0,43,108876,sell
14:26:30,25.32,+2.97,0.0,35,88620,sell
14:26:27,25.32,+2.97,-0.01,10,25320,sell
14:26:24,25.33,+3.01,-0.01,35,88655,sell
14:26:21,25.34,+3.05,0.01,385,975590,buy
14:26:18,25.33,+3.01,0.0,25,63325,buy
14:26:15,25.33,+3.01,0.03,2,5066,buy
14:26:12,25.3,+2.89,-0.03,800,2024000,sell
14:26:09,25.33,+3.01,0.0,5,12665,sell
14:26:06,25.33,+3.01,-0.01,13,32929,sell
14:26:00,25.34,+3.05,-0.01,15,38010,sell
14:25:57,25.35,+3.09,-0.01,85,215475,sell
14:25:54,25.36,+3.13,-0.01,48,121728,buy
14:25:51,25.37,+3.17,0.0,2,5074,buy
14:25:48,25.37,+3.17,0.02,14,35518,buy
14:25:45,25.35,+3.09,0.0,41,103935,sell
14:25:42,25.35,+3.09,-0.02,447,1133145,sell
14:25:39,25.37,+3.17,0.02,26,65962,buy
14:25:36,25.35,+3.09,-0.02,40,101400,sell
14:25:33,25.37,+3.17,0.0,1,2537,buy
14:25:30,25.37,+3.17,-0.01,74,187738,sell
14:25:27,25.38,+3.21,-0.01,7,17766,norm
14:25:27,25.38,+3.21,0.0,7,17766,buy
14:25:24,25.38,+3.21,0.0,10,25380,buy
14:25:21,25.38,+3.21,0.0,1,2538,buy
14:25:18,25.38,+3.21,-0.01,622,1578636,sell
14:25:15,25.39,+3.25,0.01,41,104099,buy
14:25:12,25.38,+3.21,0.0,63,159894,sell
14:25:09,25.38,+3.21,0.0,28,71064,sell
14:25:06,25.38,+3.21,-0.01,26,65988,sell
14:25:03,25.39,+3.25,0.0,23,58397,buy
14:24:54,25.39,+3.25,0.0,134,340277,sell
14:24:51,25.39,+3.25,0.0,127,322453,sell
14:24:48,25.39,+3.25,0.0,210,533190,sell
14:24:45,25.39,+3.25,-0.01,37,93943,sell
14:24:42,25.4,+3.29,0.01,115,292100,buy
14:24:39,25.39,+3.25,0.0,7,17773,sell
14:24:36,25.39,+3.25,0.0,4,10156,sell
14:24:33,25.39,+3.25,-0.01,20,50780,sell
14:24:30,25.4,+3.29,0.01,73,185420,buy
14:24:27,25.39,+3.25,0.0,27,68553,sell
14:24:24,25.39,+3.25,0.0,47,119333,sell
14:24:21,25.39,+3.25,-0.01,44,111716,sell
14:24:18,25.4,+3.29,0.0,106,269240,buy
14:24:15,25.4,+3.29,0.01,18,45720,buy
14:24:12,25.39,+3.25,0.0,17,43163,sell
14:24:09,25.39,+3.25,0.0,12,30468,sell
14:24:06,25.39,+3.25,-0.01,195,495105,sell
14:24:03,25.4,+3.29,0.0,28,71120,buy
14:24:00,25.4,+3.29,0.01,28,71120,buy
14:23:57,25.39,+3.25,-0.01,14,35546,sell
14:23:54,25.4,+3.29,0.01,5,12700,buy
14:23:51,25.39,+3.25,0.0,48,121872,sell
14:23:48,25.39,+3.25,-0.01,5,12695,sell
14:23:45,25.4,+3.29,0.01,9,22860,buy
14:23:42,25.39,+3.25,0.0,7,17773,sell
14:23:39,25.39,+3.25,0.0,23,58397,sell
14:23:36,25.39,+3.25,-0.01,9,22851,sell
14:23:33,25.4,+3.29,0.01,80,203200,buy
14:23:30,25.39,+3.25,-0.01,84,213276,sell
14:23:27,25.4,+3.29,0.0,7,17780,buy
14:23:24,25.4,+3.29,0.0,2,5080,buy
14:23:21,25.4,+3.29,0.01,6,15240,buy
14:23:18,25.39,+3.25,-0.01,7,17773,sell
14:23:15,25.4,+3.29,0.01,29,73660,buy
14:23:12,25.39,+3.25,-0.01,56,142184,sell
14:23:09,25.4,+3.29,0.0,62,157480,sell
14:23:06,25.4,+3.29,0.0,22,55880,buy
14:23:03,25.4,+3.29,0.0,20,50800,buy
14:22:57,25.4,+3.29,0.0,14,35560,buy
14:22:54,25.4,+3.29,0.0,21,53340,buy
14:22:51,25.4,+3.29,0.0,66,167640,buy
14:22:48,25.4,+3.29,0.01,14,35560,buy
14:22:45,25.39,+3.25,0.0,73,185347,sell
14:22:42,25.39,+3.25,0.0,119,302141,sell
14:22:39,25.39,+3.25,-0.01,82,208198,sell
14:22:36,25.4,+3.29,0.0,168,426720,buy
14:22:33,25.4,+3.29,0.01,26,66040,buy
14:22:30,25.39,+3.25,-0.01,48,124360,sell
14:22:27,25.4,+3.29,0.0,62,157480,buy
14:22:24,25.4,+3.29,0.0,467,1186180,buy
14:22:21,25.4,+3.29,0.0,6,15240,buy
14:22:21,25.4,+3.29,0.0,6,15240,norm
14:22:21,25.4,+3.29,0.01,6,15240,buy
14:22:18,25.39,+3.25,0.0,41,104099,sell
14:22:15,25.39,+3.25,0.0,24,60936,sell
14:22:12,25.39,+3.25,0.0,23,58397,sell
14:22:09,25.39,+3.25,0.01,32,81248,buy
14:22:06,25.38,+3.21,-0.01,38,96444,sell
14:22:03,25.39,+3.25,0.0,64,162496,buy
14:22:00,25.39,+3.25,0.01,4,10156,buy
14:21:57,25.38,+3.21,0.0,79,200502,sell
14:21:54,25.38,+3.21,0.0,23,58374,sell
14:21:51,25.38,+3.21,-0.01,2,5076,sell
14:21:48,25.39,+3.25,0.0,8,20312,buy
14:21:45,25.39,+3.25,0.01,18,45702,buy
14:21:42,25.38,+3.21,0.0,75,190350,sell
14:21:39,25.38,+3.21,-0.01,5,12690,sell
14:21:36,25.39,+3.25,0.0,36,91404,buy
14:21:33,25.39,+3.25,0.0,58,147262,buy
14:21:30,25.39,+3.25,0.0,12,30468,buy
14:21:27,25.39,+3.25,0.01,14,35546,buy
14:21:24,25.38,+3.21,-0.01,8,20304,sell
14:21:21,25.39,+3.25,0.01,9,22851,buy
14:21:18,25.38,+3.21,-0.01,47,119286,sell
14:21:15,25.39,+3.25,0.01,114,289446,buy
14:21:12,25.38,+3.21,0.0,11,27918,sell
14:21:09,25.38,+3.21,-0.01,13,32994,sell
14:21:06,25.39,+3.25,0.0,23,58397,buy
14:21:03,25.39,+3.25,0.01,14,35546,buy
14:21:00,25.38,+3.21,-0.01,3,7614,sell
14:20:57,25.39,+3.25,0.0,10,25390,buy
14:20:54,25.39,+3.25,0.0,9,22851,buy
14:20:51,25.39,+3.25,0.0,9,22851,buy
14:20:48,25.39,+3.25,-0.01,1,2539,norm
14:20:45,25.4,+3.29,0.01,33,83820,buy
14:20:42,25.39,+3.25,-0.01,49,124411,sell
14:20:39,25.4,+3.29,0.01,209,530860,buy
14:20:36,25.39,+3.25,-0.01,44,111716,sell
14:20:33,25.4,+3.29,0.01,10,25400,buy
14:20:30,25.39,+3.25,-0.01,61,154879,sell
14:20:27,25.4,+3.29,0.0,12,30480,buy
14:20:24,25.4,+3.29,0.0,4,10160,buy
14:20:21,25.4,+3.29,0.0,23,58420,sell
14:20:18,25.4,+3.29,0.0,34,86360,sell
14:20:15,25.4,+3.29,0.0,30,76200,norm
14:20:12,25.4,+3.29,-0.01,4,10160,sell
14:20:09,25.41,+3.33,0.01,17,43197,buy
14:20:06,25.4,+3.29,0.02,3,7620,norm
14:20:03,25.38,+3.21,-0.03,62,157356,sell
14:20:00,25.41,+3.33,0.01,21,53361,buy
14:19:57,25.4,+3.29,-0.01,153,388620,sell
14:19:54,25.41,+3.33,0.01,18,45738,norm
14:19:51,25.4,+3.29,-0.02,7,17780,sell
14:19:48,25.42,+3.38,0.02,340,864280,buy
14:19:45,25.4,+3.29,0.0,85,215900,sell
14:19:42,25.4,+3.29,0.0,31,78740,sell
14:19:39,25.4,+3.29,0.0,56,142240,sell
14:19:36,25.4,+3.29,0.0,158,401320,sell
14:19:33,25.4,+3.29,0.0,53,134620,sell
14:19:30,25.4,+3.29,-0.01,62,157480,sell
14:19:27,25.41,+3.33,0.01,20,50820,buy
14:19:24,25.4,+3.29,0.0,81,205740,sell
14:19:21,25.4,+3.29,0.0,125,317500,sell
14:19:18,25.4,+3.29,0.0,54,137160,sell
14:19:15,25.4,+3.29,0.0,25,63500,sell
14:19:12,25.4,+3.29,0.0,8,20320,norm
14:19:12,25.4,+3.29,0.0,8,20320,sell
14:19:09,25.4,+3.29,0.0,34,86360,sell
14:19:06,25.4,+3.29,0.01,84,213360,buy
14:19:03,25.39,+3.25,-0.01,29,73631,sell
14:19:00,25.4,+3.29,-0.01,2,5080,buy
14:18:57,25.41,+3.33,0.01,127,322707,buy
14:18:54,25.4,+3.29,-0.01,102,259080,sell
14:18:51,25.41,+3.33,0.01,38,96558,buy
14:18:48,25.4,+3.29,0.0,9,22860,sell
14:18:45,25.4,+3.29,0.0,210,533400,sell
14:18:42,25.4,+3.29,0.0,31,78740,sell
14:18:39,25.4,+3.29,0.0,12,30480,sell
14:18:36,25.4,+3.29,0.0,9,22860,sell
14:18:33,25.4,+3.29,-0.01,6,15240,sell
14:18:30,25.41,+3.33,0.01,8,20328,buy
14:18:27,25.4,+3.29,-0.01,50,127000,sell
14:18:24,25.41,+3.33,0.01,1,2541,buy
14:18:21,25.4,+3.29,0.0,58,147320,sell
14:18:18,25.4,+3.29,-0.01,21,53340,sell
14:18:15,25.41,+3.33,0.01,9,22869,buy
14:18:12,25.4,+3.29,-0.01,73,185420,sell
14:18:09,25.41,+3.33,0.0,74,188034,sell
14:18:06,25.41,+3.33,0.0,8,20328,sell
14:18:03,25.41,+3.33,0.0,50,127050,norm
14:18:00,25.41,+3.33,0.0,30,76230,sell
14:17:57,25.41,+3.33,-0.01,5,12705,sell
14:17:54,25.42,+3.38,0.02,3,7626,buy
14:17:51,25.4,+3.29,-0.01,21,53340,sell
14:17:48,25.41,+3.33,0.0,12,30492,buy
14:17:45,25.41,+3.33,0.0,51,129591,sell
14:17:42,25.41,+3.33,0.01,2,5082,norm
14:17:36,25.4,+3.29,-0.02,15,38100,sell
14:17:30,25.42,+3.38,0.0,13,33046,buy
14:17:27,25.42,+3.38,0.0,68,172856,buy
14:17:24,25.42,+3.38,0.0,20,50840,buy
14:17:21,25.42,+3.38,0.0,34,86428,buy
14:17:18,25.42,+3.38,0.0,28,71176,sell
14:17:15,25.42,+3.38,-0.01,94,238948,sell
14:17:12,25.43,+3.42,0.01,90,228870,buy
14:17:09,25.42,+3.38,0.0,50,127100,sell
14:17:06,25.42,+3.38,0.0,83,210986,sell
14:17:03,25.42,+3.38,0.04,473,1202366,buy
14:17:00,25.38,+3.21,-0.02,4,10152,sell
14:16:57,25.4,+3.29,0.01,8,20320,buy
14:16:54,25.39,+3.25,0.0,8,20312,norm
14:16:51,25.39,+3.25,-0.01,50,126950,sell
14:16:48,25.4,+3.29,0.0,12,30480,buy
14:16:45,25.4,+3.29,0.0,19,48260,buy
14:16:42,25.4,+3.29,0.0,9,22860,buy
14:16:39,25.4,+3.29,0.0,29,73660,buy
14:16:36,25.4,+3.29,0.0,17,43180,buy
14:16:33,25.4,+3.29,0.0,18,45720,sell
14:16:30,25.4,+3.29,-0.01,64,162560,sell
14:16:27,25.41,+3.33,-0.01,13,33033,norm
14:16:24,25.42,+3.38,0.03,17,43214,buy
14:16:21,25.39,+3.25,-0.04,23,58397,sell
14:16:18,25.43,+3.42,0.0,95,241585,buy
14:16:15,25.43,+3.42,0.01,41,104263,buy
14:16:12,25.42,+3.38,-0.01,25,63550,sell
14:16:09,25.43,+3.42,0.01,34,86462,buy
14:16:06,25.42,+3.38,-0.01,213,541446,sell
14:16:03,25.43,+3.42,-0.01,225,572175,norm
14:16:03,25.43,+3.42,0.0,225,572175,buy
14:16:00,25.43,+3.42,0.01,16,40688,buy
14:15:57,25.42,+3.38,-0.01,13,33046,sell
14:15:54,25.43,+3.42,0.01,30,76290,buy
14:15:51,25.42,+3.38,0.02,640,1626880,buy
14:15:45,25.4,+3.29,0.0,21,53340,sell
14:15:42,25.4,+3.29,-0.02,43,109220,sell
14:15:39,25.42,+3.38,0.0,6,15252,buy
14:15:33,25.42,+3.38,0.0,51,129642,sell
14:15:30,25.42,+3.38,-0.01,61,155062,sell
14:15:27,25.43,+3.42,0.0,26,66118,buy
14:15:24,25.43,+3.42,0.01,48,122064,buy
14:15:21,25.42,+3.38,0.0,238,604996,sell
14:15:18,25.42,+3.38,0.0,428,1087976,sell
14:15:15,25.42,+3.38,-0.01,68,172856,sell
14:15:12,25.43,+3.42,0.0,51,129693,buy
14:15:09,25.43,+3.42,0.0,18,45774,buy
14:15:06,25.43,+3.42,-0.01,19,48317,sell
14:15:03,25.44,+3.46,0.0,49,124656,buy
14:15:00,25.44,+3.46,-0.01,87,221328,norm
14:14:57,25.45,+3.50,0.02,73,185785,buy
14:14:54,25.43,+3.42,-0.01,201,511143,sell
14:14:51,25.44,+3.46,0.01,65,165360,sell
14:14:48,25.43,+3.42,-0.02,65,165295,sell
14:14:45,25.45,+3.50,0.02,130,330850,buy
14:14:42,25.43,+3.42,0.0,63,160209,sell
14:14:39,25.43,+3.42,-0.02,43,109349,sell
14:14:36,25.45,+3.50,0.02,34,86530,buy
14:14:33,25.43,+3.42,0.01,109,277187,buy
14:14:30,25.42,+3.38,0.02,33,83886,norm
14:14:27,25.4,+3.29,-0.03,33,83820,sell
14:14:24,25.43,+3.42,0.01,29,73747,buy
14:14:21,25.42,+3.38,-0.01,7,17794,sell
14:14:18,25.43,+3.42,-0.03,96,244128,sell
14:14:15,25.46,+3.54,0.06,20,50920,buy
14:14:12,25.4,+3.29,-0.05,350,889000,sell
14:14:09,25.45,+3.50,0.03,28,71260,norm
14:14:06,25.42,+3.38,-0.04,88,223696,sell
14:14:03,25.46,+3.54,0.0,83,211318,buy
14:14:00,25.46,+3.54,-0.01,53,134938,sell
14:13:57,25.47,+3.58,-0.02,21,53487,sell
14:13:54,25.49,+3.66,0.02,97,247253,buy
14:13:51,25.47,+3.58,-0.02,63,160461,sell
14:13:48,25.49,+3.66,0.0,360,917640,sell
14:13:45,25.49,+3.66,0.0,405,1032345,sell
14:13:42,25.49,+3.66,0.02,917,2337433,buy
14:13:39,25.47,+3.58,-0.01,117,297999,sell
14:13:36,25.48,+3.62,0.0,750,1911000,buy
14:13:33,25.48,+3.62,0.01,46,117208,buy
14:13:30,25.47,+3.58,-0.01,86,219042,sell
14:13:27,25.48,+3.62,0.0,76,193648,sell
14:13:24,25.48,+3.62,-0.02,108,275184,sell
14:13:21,25.5,+3.70,0.0,92,234600,buy
14:13:18,25.5,+3.70,0.02,173,441150,buy
14:13:15,25.48,+3.62,-0.02,237,603876,sell
14:13:12,25.5,+3.70,0.02,251,640050,buy
14:13:09,25.48,+3.62,-0.01,255,649740,sell
14:13:06,25.49,+3.66,0.0,461,1175089,sell
14:13:03,25.49,+3.66,0.0,302,769798,sell
14:13:00,25.49,+3.66,0.0,228,581172,sell
14:12:57,25.49,+3.66,0.01,112,285488,buy
14:12:54,25.48,+3.62,0.0,317,807716,norm
14:12:54,25.48,+3.62,-0.01,317,807716,sell
14:12:51,25.49,+3.66,0.01,324,825876,buy
14:12:48,25.48,+3.62,0.01,130,331240,buy
14:12:45,25.47,+3.58,0.02,185,471195,buy
14:12:42,25.45,+3.50,0.03,1426,3630952,buy
14:12:39,25.42,+3.38,-0.01,191,486285,sell
14:12:36,25.43,+3.42,0.01,40,101720,buy
14:12:33,25.42,+3.38,0.01,880,2238739,buy
14:12:30,25.41,+3.33,0.01,53,134673,norm
14:12:27,25.4,+3.29,-0.01,78,198120,sell
14:12:24,25.41,+3.33,0.03,72,182952,norm
14:12:21,25.38,+3.21,-0.02,938,2380644,sell
14:12:18,25.4,+3.29,0.01,1047,2659380,buy
14:12:15,25.39,+3.25,0.01,20,50780,buy
14:12:12,25.38,+3.21,0.01,487,1236006,buy
14:12:09,25.37,+3.17,-0.01,27,68499,norm
14:12:06,25.38,+3.21,0.0,144,365472,buy
14:12:03,25.38,+3.21,0.0,67,170046,buy
14:12:00,25.38,+3.21,0.01,29,73602,buy
14:11:57,25.37,+3.17,-0.01,137,347569,sell
14:11:54,25.38,+3.21,0.01,17,43146,buy
14:11:51,25.37,+3.17,0.0,28,71036,sell
14:11:48,25.37,+3.17,0.0,115,291755,buy
14:11:45,25.37,+3.17,0.0,21,53277,buy
14:11:42,25.37,+3.17,0.0,418,1060466,buy
14:11:39,25.37,+3.17,0.01,8,20296,buy
14:11:36,25.36,+3.13,-0.01,2,5072,sell
14:11:33,25.37,+3.17,0.04,2606,6612437,buy
14:11:30,25.33,+3.01,0.02,522,1323467,buy
14:11:27,25.31,+2.93,-0.01,18,46064,sell
14:11:24,25.32,+2.97,0.01,14,35448,buy
14:11:21,25.31,+2.93,0.02,78,197418,buy
14:11:18,25.29,+2.85,-0.01,274,692946,sell
14:11:15,25.3,+2.89,0.0,21,53130,buy
14:11:06,25.3,+2.89,0.0,16,40480,buy
14:11:03,25.3,+2.89,0.0,549,1388970,sell
14:11:00,25.3,+2.89,0.0,61,154330,sell
14:10:57,25.3,+2.89,-0.01,235,596928,sell
14:10:54,25.31,+2.93,0.01,38,96178,buy
14:10:51,25.3,+2.89,0.0,61,154330,sell
14:10:48,25.3,+2.89,0.0,183,462990,buy
14:10:45,25.3,+2.89,0.01,3,7590,buy
14:10:42,25.29,+2.85,0.0,12,30348,sell
14:10:39,25.29,+2.85,0.0,18,45522,sell
14:10:36,25.29,+2.85,0.0,15,37935,sell
14:10:33,25.29,+2.85,0.0,43,108747,sell
14:10:27,25.29,+2.85,-0.01,183,462807,sell
14:10:24,25.3,+2.89,0.0,123,311190,sell
14:10:21,25.3,+2.89,0.0,16,40480,sell
14:10:18,25.3,+2.89,0.02,679,1717870,buy
14:10:15,25.28,+2.81,-0.01,310,783680,sell
14:10:12,25.29,+2.85,0.0,5,12645,buy
14:10:09,25.29,+2.85,0.0,23,58167,buy
14:10:06,25.29,+2.85,0.0,13,32877,buy
14:10:03,25.29,+2.85,0.01,39,98631,sell
14:10:00,25.28,+2.81,-0.02,13,32864,sell
14:09:57,25.3,+2.89,0.01,32,80960,buy
14:09:54,25.29,+2.85,-0.01,22,55638,sell
14:09:51,25.3,+2.89,0.0,5,12650,buy
14:09:48,25.3,+2.89,0.0,775,1960750,sell
14:09:45,25.3,+2.89,0.0,21,53130,norm
14:09:45,25.3,+2.89,0.0,21,53130,sell
14:09:42,25.3,+2.89,0.0,50,126500,sell
14:09:39,25.3,+2.89,0.0,8,20240,buy
14:09:36,25.3,+2.89,0.0,27,68310,buy
14:09:33,25.3,+2.89,0.01,668,1690040,buy
14:09:30,25.29,+2.85,0.0,32,80928,sell
14:09:27,25.29,+2.85,-0.01,30,75870,sell
14:09:24,25.3,+2.89,0.0,19,48070,buy
14:09:21,25.3,+2.89,0.0,1182,2990460,sell
14:09:18,25.3,+2.89,0.0,55,139150,sell
14:09:15,25.3,+2.89,0.0,67,169510,sell
14:09:12,25.3,+2.89,0.01,109,275770,buy
14:09:09,25.29,+2.85,-0.01,5,12645,norm
14:09:03,25.3,+2.89,0.0,77,194810,sell
14:09:00,25.3,+2.89,0.05,158,399740,buy
14:08:57,25.25,+2.68,-0.05,764,1929100,sell
14:08:54,25.3,+2.89,0.01,2,5060,buy
14:08:51,25.29,+2.85,0.02,455,1150695,buy
14:08:48,25.27,+2.77,-0.03,30,75810,sell
14:08:45,25.3,+2.89,0.01,430,1087900,buy
14:08:42,25.29,+2.85,0.03,5,12645,buy
14:08:39,25.26,+2.72,-0.01,41,103566,sell
14:08:36,25.27,+2.77,0.0,3,7581,buy
14:08:33,25.27,+2.77,-0.01,163,411901,sell
14:08:30,25.28,+2.81,-0.02,261,659808,sell
14:08:27,25.3,+2.89,0.0,253,640090,buy
14:08:24,25.3,+2.89,0.02,634,1604020,buy
14:08:21,25.28,+2.81,0.0,4,10112,sell
14:08:18,25.28,+2.81,0.01,20,50560,sell
14:08:15,25.27,+2.77,-0.01,474,1197798,sell
14:08:12,25.28,+2.81,0.01,457,1155296,buy
14:08:09,25.27,+2.77,-0.01,8,20216,sell
14:08:06,25.28,+2.81,0.01,208,525824,buy
14:08:03,25.27,+2.77,0.01,5,12635,sell
14:08:00,25.26,+2.72,-0.02,25,63150,sell
14:07:54,25.28,+2.81,0.0,92,232576,buy
14:07:51,25.28,+2.81,-0.02,41,103648,buy
14:07:48,25.3,+2.89,0.03,38,96140,buy
14:07:45,25.27,+2.77,-0.01,11,27797,sell
14:07:42,25.28,+2.81,0.01,6,15168,buy
14:07:39,25.27,+2.77,-0.03,1,2527,sell
14:07:36,25.3,+2.89,0.02,541,1368730,buy
14:07:33,25.28,+2.81,-0.02,8,20224,norm
14:07:30,25.3,+2.89,0.03,16,40480,buy
14:07:27,25.27,+2.77,-0.01,15,37905,sell
14:07:24,25.28,+2.81,0.02,650,1643200,norm
14:07:21,25.26,+2.72,-0.01,209,527934,sell
14:07:18,25.27,+2.77,-0.03,48,121296,norm
14:07:15,25.3,+2.89,0.0,687,1738110,buy
14:07:12,25.3,+2.89,0.0,29,73370,buy
14:07:09,25.3,+2.89,0.05,62,156860,buy
14:07:06,25.25,+2.68,-0.05,900,2272500,sell
14:07:03,25.3,+2.89,0.0,263,665390,buy
14:07:00,25.3,+2.89,0.04,30,75900,buy
14:06:57,25.26,+2.72,-0.04,693,1751806,sell
14:06:54,25.3,+2.89,0.0,288,729880,sell
14:06:51,25.3,+2.89,0.0,162,409860,sell
14:06:48,25.3,+2.89,0.04,556,1406680,buy
14:06:45,25.26,+2.72,-0.02,2,5052,norm
14:06:42,25.28,+2.81,0.01,1018,2573504,buy
14:06:39,25.27,+2.77,0.0,1,2527,sell
14:06:39,25.27,+2.77,0.0,1,2527,norm
14:06:39,25.27,+2.77,0.0,1,2527,buy
14:06:36,25.27,+2.77,0.0,24,60648,buy
14:06:33,25.27,+2.77,-0.01,23,58121,sell
14:06:30,25.28,+2.81,0.0,27,68256,sell
14:06:27,25.28,+2.81,0.0,6,15168,sell
14:06:24,25.28,+2.81,0.0,54,136512,buy
14:06:21,25.28,+2.81,0.0,29,73312,buy
14:06:18,25.28,+2.81,0.0,10,25280,buy
14:06:15,25.28,+2.81,-0.01,95,240160,sell
14:06:12,25.29,+2.85,-0.01,67,169443,sell
14:06:09,25.3,+2.89,0.01,80,202400,buy
14:06:06,25.29,+2.85,0.0,25,63225,buy
14:06:03,25.29,+2.85,0.0,18,45522,buy
14:06:00,25.29,+2.85,0.0,148,374292,buy
14:05:57,25.29,+2.85,0.0,56,141624,buy
14:05:54,25.29,+2.85,0.0,3,7587,buy
14:05:51,25.29,+2.85,0.0,13,32877,buy
14:05:48,25.29,+2.85,0.0,72,182088,buy
14:05:45,25.29,+2.85,-0.02,227,574083,sell
14:05:42,25.31,+2.93,0.0,49,124019,buy
14:05:39,25.31,+2.93,0.0,6,15186,buy
14:05:36,25.31,+2.93,0.01,15,37965,buy
14:05:33,25.3,+2.89,0.0,96,242880,sell
14:05:30,25.3,+2.89,0.02,788,1993640,buy
14:05:27,25.28,+2.81,0.0,63,159264,sell
14:05:24,25.28,+2.81,-0.01,43,108704,sell
14:05:21,25.29,+2.85,0.0,317,801693,buy
14:05:18,25.29,+2.85,0.01,14,35406,buy
14:05:15,25.28,+2.81,0.0,33,83424,sell
14:05:12,25.28,+2.81,-0.01,717,1812576,sell
14:05:09,25.29,+2.85,0.01,15,37935,buy
14:05:06,25.28,+2.81,-0.01,16,40448,sell
14:05:03,25.29,+2.85,0.01,81,204849,buy
14:05:00,25.28,+2.81,0.03,2097,5301216,sell
14:04:57,25.25,+2.68,-0.04,283,714575,sell
14:04:54,25.29,+2.85,0.01,12,30348,buy
14:04:51,25.28,+2.81,0.0,5,12640,buy
14:04:48,25.28,+2.81,-0.01,20,50560,norm
14:04:45,25.29,+2.85,0.03,696,1760184,buy
14:04:42,25.26,+2.72,-0.02,15,37890,norm
14:04:39,25.28,+2.81,0.03,274,692672,buy
14:04:36,25.25,+2.68,0.04,3,7575,norm
14:04:33,25.21,+2.52,-0.03,978,2467076,sell
14:04:30,25.24,+2.64,0.0,100,252400,buy
14:04:27,25.24,+2.64,0.0,223,562852,buy
14:04:24,25.24,+2.64,0.03,389,981836,buy
14:04:21,25.21,+2.52,0.0,15,37815,buy
14:04:18,25.21,+2.52,0.01,74,186554,buy
14:04:15,25.2,+2.48,0.01,140,354312,buy
14:04:12,25.19,+2.44,0.0,497,1251943,sell
14:04:09,25.19,+2.44,0.0,124,312356,buy
14:04:06,25.19,+2.44,0.01,18,45342,buy
14:04:03,25.18,+2.40,-0.01,4,10072,sell
14:04:00,25.19,+2.44,0.01,3,7557,buy
14:03:57,25.18,+2.40,-0.01,14,35252,sell
14:03:54,25.19,+2.44,0.0,6,15114,buy
14:03:51,25.19,+2.44,0.0,30,75570,buy
14:03:48,25.19,+2.44,0.01,28,70532,buy
14:03:45,25.18,+2.40,0.0,8,20144,sell
14:03:42,25.18,+2.40,0.0,6,15108,sell
14:03:39,25.18,+2.40,0.0,54,135972,sell
14:03:36,25.18,+2.40,0.0,56,141008,sell
14:03:30,25.18,+2.40,0.0,10,25180,sell
14:03:30,25.18,+2.40,0.0,10,25180,norm
14:03:30,25.18,+2.40,0.0,10,25180,sell
14:03:27,25.18,+2.40,-0.01,14,35252,sell
14:03:24,25.19,+2.44,0.01,155,390445,buy
14:03:21,25.18,+2.40,0.0,5,12590,buy
14:03:18,25.18,+2.40,0.0,707,1780226,sell
14:03:15,25.18,+2.40,-0.01,16,40288,sell
14:03:12,25.19,+2.44,0.01,63,158697,buy
14:03:09,25.18,+2.40,0.0,28,70504,buy
14:03:06,25.18,+2.40,0.0,3,7554,buy
14:03:03,25.18,+2.40,0.0,11,27698,buy
14:03:00,25.18,+2.40,0.0,514,1294252,buy
14:02:57,25.18,+2.40,-0.01,196,493528,sell
14:02:54,25.19,+2.44,0.01,1,2519,buy
14:02:51,25.18,+2.40,0.0,2,5036,sell
14:02:48,25.18,+2.40,-0.01,509,1281662,sell
14:02:45,25.19,+2.44,0.0,11,27709,buy
14:02:42,25.19,+2.44,0.01,23,57937,buy
14:02:39,25.18,+2.40,-0.01,19,47842,sell
14:02:36,25.19,+2.44,0.0,40,100760,buy
14:02:27,25.19,+2.44,0.01,20,50380,buy
14:02:24,25.18,+2.40,-0.01,13,32734,sell
14:02:21,25.19,+2.44,0.0,24,60456,buy
14:02:18,25.19,+2.44,0.0,12,30228,buy
14:02:15,25.19,+2.44,0.0,244,614636,buy
14:02:12,25.19,+2.44,0.0,22,55418,buy
14:02:09,25.19,+2.44,0.0,5,12595,buy
14:02:06,25.19,+2.44,0.0,16,40304,buy
14:02:00,25.19,+2.44,0.0,102,256938,sell
14:01:57,25.19,+2.44,0.0,63,158697,sell
14:01:54,25.19,+2.44,0.0,35,88165,sell
14:01:51,25.19,+2.44,0.0,11,27709,sell
14:01:48,25.19,+2.44,-0.01,8,20152,sell
14:01:45,25.2,+2.48,0.0,31,78120,buy
14:01:42,25.2,+2.48,0.0,50,126000,buy
14:01:36,25.2,+2.48,0.01,1,2520,buy
14:01:33,25.19,+2.44,0.0,5,12595,sell
14:01:27,25.19,+2.44,-0.01,1,2519,sell
14:01:24,25.2,+2.48,0.01,1,2520,buy
14:01:21,25.19,+2.44,0.0,413,1040347,sell
14:01:18,25.19,+2.44,0.0,4,10076,sell
14:01:15,25.19,+2.44,0.01,786,1979934,buy
14:01:12,25.18,+2.40,-0.02,16,40288,sell
14:01:09,25.2,+2.48,0.01,160,403200,buy
14:01:06,25.19,+2.44,0.0,10,25190,buy
14:01:03,25.19,+2.44,0.0,8,20152,buy
14:01:00,25.19,+2.44,-0.01,493,1241867,sell
14:00:57,25.2,+2.48,0.0,23,57960,buy
14:00:51,25.2,+2.48,0.02,42,105840,buy
14:00:48,25.18,+2.40,-0.02,37,93166,sell
14:00:45,25.2,+2.48,0.0,14,35280,buy
14:00:42,25.2,+2.48,0.02,752,1895040,buy
14:00:39,25.18,+2.40,0.0,2,5036,buy
14:00:36,25.18,+2.40,0.01,105,264390,buy
14:00:33,25.17,+2.36,-0.01,20,50340,sell
14:00:30,25.18,+2.40,0.01,1,2518,buy
14:00:27,25.17,+2.36,0.0,347,873399,buy
14:00:24,25.17,+2.36,0.0,208,523536,sell
14:00:21,25.17,+2.36,0.0,12,30204,norm
14:00:21,25.17,+2.36,0.0,12,30204,sell
14:00:18,25.17,+2.36,0.0,92,231564,buy
14:00:15,25.17,+2.36,0.02,497,1250949,buy
14:00:12,25.15,+2.28,0.0,14,35210,buy
14:00:09,25.15,+2.28,0.01,33,82995,buy
14:00:06,25.14,+2.24,0.0,5,12570,sell
14:00:03,25.14,+2.24,-0.01,77,193578,sell
13:59:57,25.15,+2.28,0.0,52,130780,buy
13:59:54,25.15,+2.28,0.0,1,2515,buy
13:59:51,25.15,+2.28,0.01,73,183595,buy
13:59:48,25.14,+2.24,-0.01,27,67878,sell
13:59:45,25.15,+2.28,0.0,49,123235,buy
13:59:42,25.15,+2.28,0.01,20,51331,buy
13:59:39,25.14,+2.24,-0.01,55,138270,sell
13:59:36,25.15,+2.28,0.0,36,90540,buy
13:59:33,25.15,+2.28,0.0,1,2515,buy
13:59:30,25.15,+2.28,0.01,11,27665,buy
13:59:27,25.14,+2.24,-0.02,39,98046,sell
13:59:21,25.16,+2.32,0.01,365,918340,buy
13:59:18,25.15,+2.28,0.01,21,52815,norm
13:59:15,25.14,+2.24,-0.01,71,178494,sell
13:59:12,25.15,+2.28,0.01,9,22635,buy
13:59:09,25.14,+2.24,0.0,19,47766,sell
13:59:06,25.14,+2.24,0.0,50,125700,sell
13:59:03,25.14,+2.24,0.0,2,5028,sell
13:59:00,25.14,+2.24,0.0,2,5028,sell
13:58:57,25.14,+2.24,0.0,7,17598,sell
13:58:54,25.14,+2.24,0.0,18,45252,buy
13:58:51,25.14,+2.24,0.01,1,2514,norm
13:58:45,25.13,+2.20,-0.03,48,120624,sell
13:58:42,25.16,+2.32,0.06,5,12580,buy
13:58:39,25.1,+2.07,-0.06,593,1488430,sell
13:58:36,25.16,+2.32,0.0,124,311984,sell
13:58:33,25.16,+2.32,0.0,7,17612,sell
13:58:30,25.16,+2.32,0.0,12,30192,sell
13:58:27,25.16,+2.32,-0.01,44,110704,sell
13:58:24,25.17,+2.36,0.0,47,118299,buy
13:58:21,25.17,+2.36,0.05,116,291972,buy
13:58:18,25.12,+2.16,-0.05,7,17584,sell
13:58:15,25.17,+2.36,0.0,7,17619,buy
13:58:12,25.17,+2.36,0.0,11,27687,buy
13:58:09,25.17,+2.36,-0.01,197,495849,sell
13:58:06,25.18,+2.40,0.0,71,178778,buy
13:58:03,25.18,+2.40,0.0,504,1269072,buy
13:58:00,25.18,+2.40,0.0,14,35252,buy
13:57:57,25.18,+2.40,0.0,18,45324,buy
13:57:54,25.18,+2.40,0.01,7,17626,buy
13:57:51,25.17,+2.36,0.0,36,90612,sell
13:57:48,25.17,+2.36,0.0,10,25170,sell
13:57:45,25.17,+2.36,0.0,60,151020,sell
13:57:42,25.17,+2.36,0.0,11,27687,sell
13:57:39,25.17,+2.36,0.0,19,47823,sell
13:57:36,25.17,+2.36,-0.01,2,5034,sell
13:57:33,25.18,+2.40,0.01,202,508636,buy
13:57:30,25.17,+2.36,0.0,8,20136,sell
13:57:27,25.17,+2.36,0.0,1,2517,sell
13:57:24,25.17,+2.36,0.0,121,304557,buy
13:57:21,25.17,+2.36,0.07,51,128367,buy
13:57:18,25.1,+2.07,0.0,110,276100,sell
13:57:15,25.1,+2.07,0.0,15,37650,sell
13:57:12,25.1,+2.07,0.0,26,65260,norm
13:57:12,25.1,+2.07,0.0,26,65260,sell
13:57:09,25.1,+2.07,0.0,10,25100,sell
13:57:06,25.1,+2.07,0.0,50,125500,sell
13:57:03,25.1,+2.07,0.0,380,953800,buy
13:57:00,25.1,+2.07,0.01,43,107930,buy
13:56:57,25.09,+2.03,0.0,156,391404,sell
13:56:54,25.09,+2.03,-0.01,18,45162,sell
13:56:51,25.1,+2.07,0.0,105,263550,buy
13:56:48,25.1,+2.07,0.01,21,52710,buy
13:56:45,25.09,+2.03,-0.01,148,371332,sell
13:56:42,25.1,+2.07,0.0,63,158130,buy
13:56:39,25.1,+2.07,0.0,30,75300,buy
13:56:36,25.1,+2.07,0.0,20,50200,buy
13:56:33,25.1,+2.07,0.0,4,10040,buy
13:56:30,25.1,+2.07,-0.01,152,381520,sell
13:56:27,25.11,+2.11,0.0,41,102951,sell
13:56:24,25.11,+2.11,-0.07,731,1835541,sell
13:56:21,25.18,+2.40,0.0,4,10072,buy
13:56:18,25.18,+2.40,0.04,502,1264036,buy
13:56:15,25.14,+2.24,0.0,164,412296,buy
13:56:12,25.14,+2.24,-0.03,343,862302,sell
13:56:09,25.17,+2.36,0.0,32,80544,buy
13:56:06,25.17,+2.36,-0.01,45,113265,sell
13:56:03,25.18,+2.40,-0.01,62,158130,sell
13:56:00,25.19,+2.44,-0.01,810,2040390,sell
13:55:57,25.2,+2.48,0.01,9,22680,buy
13:55:54,25.19,+2.44,-0.01,26,65494,sell
13:55:51,25.2,+2.48,0.0,24,60480,buy
13:55:48,25.2,+2.48,0.01,42,105840,buy
13:55:45,25.19,+2.44,0.0,11,28213,sell
13:55:42,25.19,+2.44,0.0,563,1418197,buy
13:55:39,25.19,+2.44,0.0,1,2519,buy
13:55:36,25.19,+2.44,0.0,17,42823,buy
13:55:33,25.19,+2.44,0.01,1,2519,buy
13:55:30,25.18,+2.40,0.0,14,35252,sell
13:55:27,25.18,+2.40,0.0,218,548924,buy
13:55:24,25.18,+2.40,0.0,2,5036,buy
13:55:21,25.18,+2.40,0.0,13,32734,buy
13:55:18,25.18,+2.40,0.01,4,10072,norm
13:55:15,25.17,+2.36,-0.01,588,1479996,sell
13:55:12,25.18,+2.40,0.0,61,153598,sell
13:55:09,25.18,+2.40,0.02,139,350002,buy
13:55:06,25.16,+2.32,-0.02,13,32708,sell
13:55:03,25.18,+2.40,0.0,3,7554,buy
13:54:57,25.18,+2.40,0.02,1,2518,buy
13:54:54,25.16,+2.32,0.01,7,17612,sell
13:54:51,25.15,+2.28,0.0,10,25150,sell
13:54:48,25.15,+2.28,0.0,22,55330,sell
13:54:45,25.15,+2.28,0.0,13,32695,sell
13:54:36,25.15,+2.28,0.04,183,460245,buy
13:54:33,25.11,+2.11,-0.04,263,660393,sell
13:54:27,25.15,+2.28,0.04,78,196170,buy
13:54:24,25.11,+2.11,-0.04,16,40176,sell
13:54:21,25.15,+2.28,0.0,1,2515,buy
13:54:18,25.15,+2.28,0.05,84,211260,buy
13:54:15,25.1,+2.07,-0.01,12,30120,sell
13:54:12,25.11,+2.11,0.01,2,5022,buy
13:54:09,25.1,+2.07,-0.01,258,647580,sell
13:54:06,25.11,+2.11,0.0,46,115506,buy
13:54:03,25.11,+2.11,0.0,85,213435,norm
13:54:03,25.11,+2.11,0.0,85,213435,buy
13:54:00,25.11,+2.11,0.0,48,120528,buy
13:53:57,25.11,+2.11,0.01,68,170748,buy
13:53:54,25.1,+2.07,-0.01,313,785630,sell
13:53:51,25.11,+2.11,0.0,1,2511,buy
13:53:48,25.11,+2.11,0.0,30,75330,buy
13:53:45,25.11,+2.11,-0.02,194,487134,sell
13:53:42,25.13,+2.20,-0.02,6,15078,sell
13:53:39,25.15,+2.28,-0.05,144,362160,sell
13:53:33,25.2,+2.48,0.0,13,32760,sell
13:53:30,25.2,+2.48,0.02,223,561960,buy
13:53:27,25.18,+2.40,-0.03,195,491010,sell
13:53:24,25.21,+2.52,0.0,2,5042,buy
13:53:21,25.21,+2.52,-0.03,805,2029455,sell
13:53:18,25.24,+2.64,0.01,11,27764,buy
13:53:15,25.23,+2.60,0.02,83,209409,buy
13:53:12,25.21,+2.52,-0.01,22,55462,sell
13:53:09,25.22,+2.56,0.01,134,339083,buy
13:53:06,25.21,+2.52,-0.01,67,168907,sell
13:53:03,25.22,+2.56,0.01,9,22698,buy
13:53:00,25.21,+2.52,-0.01,4,10084,sell
13:52:57,25.22,+2.56,0.01,11,27742,norm
13:52:54,25.21,+2.52,-0.01,50,126050,sell
13:52:51,25.22,+2.56,0.0,17,42874,buy
13:52:48,25.22,+2.56,0.01,5,12610,norm
13:52:45,25.21,+2.52,0.0,506,1275626,sell
13:52:39,25.21,+2.52,-0.01,505,1273105,sell
13:52:36,25.22,+2.56,0.0,2,5044,sell
13:52:33,25.22,+2.56,0.01,2,5044,norm
13:52:30,25.21,+2.52,0.0,1963,4948723,sell
13:52:27,25.21,+2.52,-0.01,43,108403,sell
13:52:24,25.22,+2.56,0.0,105,264810,buy
13:52:21,25.22,+2.56,0.0,99,249678,buy
13:52:18,25.22,+2.56,0.01,57,143754,buy
13:52:15,25.21,+2.52,0.0,12,30252,sell
13:52:12,25.21,+2.52,0.0,106,267226,sell
13:52:06,25.21,+2.52,-0.01,36,90756,sell
13:52:03,25.22,+2.56,0.0,78,196716,buy
13:52:00,25.22,+2.56,0.01,227,572494,buy
13:51:57,25.21,+2.52,0.0,16,40336,sell
13:51:54,25.21,+2.52,0.07,1515,3820651,buy
13:51:51,25.14,+2.24,-0.04,3,7542,sell
13:51:48,25.18,+2.40,0.05,7,17626,buy
13:51:45,25.13,+2.20,0.01,36,90468,sell
13:51:39,25.12,+2.16,-0.06,536,1346432,sell
13:51:36,25.18,+2.40,0.0,1,2518,buy
13:51:33,25.18,+2.40,0.0,8,21327,sell
13:51:27,25.18,+2.40,0.0,21,52878,sell
13:51:24,25.18,+2.40,0.06,477,1202421,buy
13:51:21,25.12,+2.16,0.0,837,2102544,buy
13:51:18,25.12,+2.16,0.0,34,85408,buy
13:51:15,25.12,+2.16,0.0,8,20096,buy
13:51:12,25.12,+2.16,0.0,242,607904,buy
13:51:09,25.12,+2.16,-0.01,6,15072,buy
13:51:06,25.13,+2.20,0.0,18,45234,buy
13:51:03,25.13,+2.20,0.01,2,5026,buy
13:51:00,25.12,+2.16,0.02,8,20096,buy
13:50:57,25.1,+2.07,0.0,2,5020,sell
13:50:54,25.1,+2.07,0.0,19,47690,norm
13:50:54,25.1,+2.07,0.0,19,47690,sell
13:50:51,25.1,+2.07,0.0,13,32630,sell
13:50:48,25.1,+2.07,0.0,1214,3047140,buy
13:50:45,25.1,+2.07,0.0,146,366460,buy
13:50:42,25.1,+2.07,0.0,31,77810,buy
13:50:39,25.1,+2.07,0.0,2,5020,buy
13:50:36,25.1,+2.07,0.0,31,77810,buy
13:50:33,25.1,+2.07,0.0,6,15060,buy
13:50:30,25.1,+2.07,0.0,1,2510,buy
13:50:27,25.1,+2.07,-0.03,16,40160,norm
13:50:21,25.13,+2.20,0.01,32,80416,buy
13:50:18,25.12,+2.16,0.0,19,47728,sell
13:50:15,25.12,+2.16,0.0,27,67824,buy
13:50:12,25.12,+2.16,0.02,28,70336,buy
13:50:09,25.1,+2.07,0.0,5,12550,buy
13:50:06,25.1,+2.07,0.0,40,100400,sell
13:50:03,25.1,+2.07,-0.02,4,10040,sell
13:50:00,25.12,+2.16,0.02,10,25120,buy
13:49:57,25.1,+2.07,0.0,13,32630,sell
13:49:54,25.1,+2.07,0.0,14,35140,sell
13:49:51,25.1,+2.07,0.0,3,7530,sell
13:49:45,25.1,+2.07,-0.02,64,160640,sell
13:49:42,25.12,+2.16,0.0,2,5024,buy
13:49:39,25.12,+2.16,-0.02,10,25120,sell
13:49:36,25.14,+2.24,0.0,1,2514,norm
13:49:33,25.14,+2.24,-0.01,21,52794,norm
13:49:30,25.15,+2.28,0.01,26,65390,buy
13:49:27,25.14,+2.24,-0.01,37,93144,sell
13:49:24,25.15,+2.28,0.0,21,52815,buy
13:49:21,25.15,+2.28,-0.02,184,462760,sell
13:49:18,25.17,+2.36,-0.01,89,224013,sell
13:49:15,25.18,+2.40,0.0,10,25180,buy
13:49:12,25.18,+2.40,0.0,1,2518,buy
13:49:09,25.18,+2.40,0.0,84,211512,sell
13:49:06,25.18,+2.40,-0.01,336,846048,sell
13:49:03,25.19,+2.44,0.01,312,785928,buy
13:49:00,25.18,+2.40,0.0,4,10072,sell
13:48:57,25.18,+2.40,-0.01,7,17626,sell
13:48:54,25.19,+2.44,0.01,9,22671,buy
13:48:51,25.18,+2.40,0.01,3,7554,sell
13:48:45,25.17,+2.36,-0.03,7,17619,sell
13:48:42,25.2,+2.48,0.06,2,5040,buy
13:48:39,25.14,+2.24,-0.06,166,417324,sell
13:48:36,25.2,+2.48,0.0,15,37800,sell
13:48:33,25.2,+2.48,0.0,4,10080,sell
13:48:30,25.2,+2.48,0.06,350,884394,buy
13:48:27,25.14,+2.24,0.0,2,5028,norm
13:48:21,25.14,+2.24,0.0,22,55308,buy
13:48:18,25.14,+2.24,-0.05,278,698892,sell
13:48:15,25.19,+2.44,0.02,5,12595,buy
13:48:12,25.17,+2.36,-0.02,7,17619,sell
13:48:09,25.19,+2.44,0.0,90,226836,sell
13:48:06,25.19,+2.44,-0.02,527,1329906,sell
13:48:03,25.21,+2.52,0.01,33,83193,buy
13:48:00,25.2,+2.48,0.01,110,277200,buy
13:47:57,25.19,+2.44,0.0,33,83127,sell
13:47:54,25.19,+2.44,0.0,6,15114,sell
13:47:51,25.19,+2.44,0.04,63,158697,buy
13:47:48,25.15,+2.28,0.0,200,503000,sell
13:47:48,25.15,+2.28,0.0,200,503000,norm
13:47:48,25.15,+2.28,-0.01,200,503000,sell
13:47:45,25.16,+2.32,-0.03,46,115736,norm
13:47:42,25.19,+2.44,-0.01,317,798523,sell
13:47:39,25.2,+2.48,0.05,1,2520,norm
13:47:36,25.15,+2.28,-0.05,300,754500,sell
13:47:33,25.2,+2.48,0.05,911,2296224,buy
13:47:30,25.15,+2.28,-0.05,203,510545,sell
13:47:27,25.2,+2.48,0.0,41,103320,buy
13:47:24,25.2,+2.48,0.0,58,146160,buy
13:47:21,25.2,+2.48,0.05,26,65520,buy
13:47:18,25.15,+2.28,-0.05,26,65390,sell
13:47:15,25.2,+2.48,0.05,113,284760,buy
13:47:12,25.15,+2.28,0.0,290,729350,sell
13:47:09,25.15,+2.28,0.06,852,2142780,buy
13:47:06,25.09,+2.03,-0.04,54,135486,sell
13:47:00,25.13,+2.20,0.03,35,87955,buy
13:46:57,25.1,+2.07,0.01,81,205569,buy
13:46:54,25.09,+2.03,0.01,46,115414,buy
13:46:51,25.08,+1.99,-0.01,120,300960,sell
13:46:48,25.09,+2.03,-0.05,74,185917,sell
13:46:45,25.14,+2.24,-0.01,94,236316,norm
13:46:42,25.15,+2.28,0.0,247,621205,sell
13:46:39,25.15,+2.28,0.02,5,12575,sell
13:46:36,25.13,+2.20,0.0,4,10052,buy
13:46:33,25.13,+2.20,-0.02,331,831803,sell
13:46:30,25.15,+2.28,0.0,106,266590,buy
13:46:27,25.15,+2.28,0.0,311,782165,buy
13:46:24,25.15,+2.28,0.0,33,82995,buy
13:46:21,25.15,+2.28,0.0,1,2515,buy
13:46:18,25.15,+2.28,0.0,20,50300,buy
13:46:15,25.15,+2.28,0.02,423,1063845,buy
13:46:12,25.13,+2.20,0.04,61,153293,sell
13:46:09,25.09,+2.03,-0.05,67,168103,sell
13:46:06,25.14,+2.24,0.0,109,276289,buy
13:46:03,25.14,+2.24,0.01,421,1058394,buy
13:46:00,25.13,+2.20,0.03,817,2053121,buy
13:45:57,25.1,+2.07,0.07,1,2510,norm
13:45:54,25.03,+1.79,-0.06,527,1319081,sell
13:45:51,25.09,+2.03,-0.01,95,238355,sell
13:45:48,25.1,+2.07,0.03,325,815750,buy
13:45:45,25.07,+1.95,0.05,55,137885,norm
13:45:42,25.02,+1.75,-0.05,355,888210,sell
13:45:39,25.07,+1.95,0.04,502,1258514,buy
13:45:36,25.03,+1.79,0.0,19,47557,buy
13:45:33,25.03,+1.79,-0.04,10,25030,sell
13:45:27,25.07,+1.95,0.0,19,47633,buy
13:45:24,25.07,+1.95,-0.05,35,87745,sell
13:45:21,25.12,+2.16,0.02,20,50240,buy
13:45:18,25.1,+2.07,-0.03,61,153110,sell
13:45:15,25.13,+2.20,0.0,18,45234,buy
13:45:12,25.13,+2.20,-0.01,31,78933,sell
13:45:09,25.14,+2.24,0.01,86,216204,buy
13:45:06,25.13,+2.20,0.0,3,7539,sell
13:45:00,25.13,+2.20,0.0,10,25130,sell
13:44:57,25.13,+2.20,0.03,39,98007,buy
13:44:54,25.1,+2.07,0.03,28,70280,buy
13:44:51,25.07,+1.95,0.0,18,45126,sell
13:44:45,25.07,+1.95,0.0,27,67689,sell
13:44:42,25.07,+1.95,0.0,502,1258514,buy
13:44:39,25.07,+1.95,0.0,6,15042,buy
13:44:39,25.07,+1.95,0.0,6,15042,norm
13:44:39,25.07,+1.95,0.0,6,15042,buy
13:44:36,25.07,+1.95,0.0,542,1358794,buy
13:44:30,25.07,+1.95,0.0,32,80224,buy
13:44:27,25.07,+1.95,0.0,25,62675,buy
13:44:24,25.07,+1.95,-0.03,167,418669,sell
13:44:21,25.1,+2.07,0.0,13,32630,buy
13:44:18,25.1,+2.07,0.02,24,60240,buy
13:44:15,25.08,+1.99,-0.02,95,238260,norm
13:44:12,25.1,+2.07,0.02,530,1330300,buy
13:44:09,25.08,+1.99,0.07,212,531696,norm
13:44:03,25.01,+1.71,-0.06,665,1663165,sell
13:44:00,25.07,+1.95,0.04,405,1015335,buy
13:43:57,25.03,+1.79,0.01,2299,5754397,buy
13:43:54,25.02,+1.75,0.0,157,394991,buy
13:43:51,25.02,+1.75,0.0,91,227682,buy
13:43:48,25.02,+1.75,0.0,67,167634,buy
13:43:45,25.02,+1.75,0.0,54,135108,buy
13:43:42,25.02,+1.75,0.02,30,75060,buy
13:43:39,25.0,+1.67,-0.01,500,1250000,sell
13:43:36,25.01,+1.71,0.01,11,27511,sell
13:43:33,25.0,+1.67,0.0,43,107500,sell
13:43:30,25.0,+1.67,0.0,147,367500,sell
13:43:27,25.0,+1.67,-0.01,81,202500,sell
13:43:24,25.01,+1.71,0.01,1,2501,buy
13:43:21,25.0,+1.67,-0.01,15,37500,sell
13:43:18,25.01,+1.71,0.01,1,2501,buy
13:43:15,25.0,+1.67,0.0,240,600000,buy
13:43:12,25.0,+1.67,0.01,44,110000,buy
13:43:09,24.99,+1.63,-0.01,30,76969,sell
13:43:06,25.0,+1.67,0.0,4,10000,buy
13:43:03,25.0,+1.67,0.0,3,7500,buy
13:43:00,25.0,+1.67,0.0,12,30000,buy
13:42:54,25.0,+1.67,0.0,15,37500,buy
13:42:51,25.0,+1.67,0.0,10,25000,buy
13:42:48,25.0,+1.67,0.01,7,17500,buy
13:42:45,24.99,+1.63,0.0,25,62475,buy
13:42:42,24.99,+1.63,0.0,9,22491,buy
13:42:39,24.99,+1.63,-0.01,59,147441,sell
13:42:36,25.0,+1.67,0.01,12,30000,buy
13:42:33,24.99,+1.63,0.0,29,72471,sell
13:42:30,24.99,+1.63,-0.01,17,42483,sell
13:42:27,25.0,+1.67,0.01,79,197500,buy
13:42:24,24.99,+1.63,-0.01,2,4998,sell
13:42:21,25.0,+1.67,0.0,27,67500,buy
13:42:18,25.0,+1.67,0.01,81,202500,buy
13:42:15,24.99,+1.63,0.0,55,137445,sell
13:42:12,24.99,+1.63,-0.01,23,57477,sell
13:42:09,25.0,+1.67,0.0,180,450000,buy
13:42:06,25.0,+1.67,0.01,2,5000,buy
13:42:03,24.99,+1.63,0.0,15,37485,sell
13:42:00,24.99,+1.63,-0.01,64,159936,sell
13:41:57,25.0,+1.67,0.0,22,55000,buy
13:41:54,25.0,+1.67,0.0,4,10000,buy
13:41:51,25.0,+1.67,0.0,9,22500,buy
13:41:48,25.0,+1.67,0.02,4,10000,buy
13:41:45,24.98,+1.59,-0.02,25,62450,sell
13:41:39,25.0,+1.67,0.02,11,27500,buy
13:41:36,24.98,+1.59,0.0,22,54956,sell
13:41:30,24.98,+1.59,0.0,16,39968,norm
13:41:30,24.98,+1.59,-0.02,16,39968,sell
13:41:27,25.0,+1.67,0.02,725,1812500,buy
13:41:24,24.98,+1.59,0.0,12,29976,buy
13:41:21,24.98,+1.59,0.01,2,4996,buy
13:41:18,24.97,+1.55,-0.01,23,57431,sell
13:41:15,24.98,+1.59,0.0,44,109912,buy
13:41:12,24.98,+1.59,0.0,1,2498,buy
13:41:09,24.98,+1.59,0.0,14,34972,buy
13:41:06,24.98,+1.59,0.0,16,39968,buy
13:41:03,24.98,+1.59,0.0,30,74940,sell
13:41:00,24.98,+1.59,0.0,161,402178,sell
13:40:57,24.98,+1.59,0.0,21,52458,sell
13:40:54,24.98,+1.59,-0.01,21,52458,sell
13:40:51,24.99,+1.63,0.01,81,202419,buy
13:40:48,24.98,+1.59,-0.01,1,2498,sell
13:40:45,24.99,+1.63,0.0,10,24990,buy
13:40:42,24.99,+1.63,0.0,35,87465,buy
13:40:39,24.99,+1.63,0.0,21,52479,buy
13:40:36,24.99,+1.63,0.0,25,62475,buy
13:40:33,24.99,+1.63,0.01,12,29988,buy
13:40:30,24.98,+1.59,-0.01,11,27478,sell
13:40:27,24.99,+1.63,0.0,36,89964,buy
13:40:24,24.99,+1.63,-0.01,465,1162035,sell
13:40:21,25.0,+1.67,0.01,7,17500,buy
13:40:18,24.99,+1.63,-0.01,30,74970,sell
13:40:15,25.0,+1.67,0.0,108,270000,buy
13:40:12,25.0,+1.67,0.0,75,187500,buy
13:40:09,25.0,+1.67,0.0,34,85000,buy
13:40:06,25.0,+1.67,0.0,65,162500,buy
13:40:03,25.0,+1.67,0.0,32,80000,buy
13:40:00,25.0,+1.67,0.0,3,7500,buy
13:39:57,25.0,+1.67,0.0,10,25000,buy
13:39:54,25.0,+1.67,0.01,11,27500,buy
13:39:51,24.99,+1.63,0.0,58,144942,buy
13:39:48,24.99,+1.63,0.0,65,162435,sell
13:39:45,24.99,+1.63,0.0,5,12495,sell
13:39:42,24.99,+1.63,-0.01,2,4998,sell
13:39:39,25.0,+1.67,0.02,35,87500,buy
13:39:36,24.98,+1.59,0.0,135,337230,sell
13:39:33,24.98,+1.59,0.0,19,47462,sell
13:39:30,24.98,+1.59,-0.01,95,237310,sell
13:39:27,24.99,+1.63,0.0,30,74970,buy
13:39:24,24.99,+1.63,0.01,1,2499,buy
13:39:21,24.98,+1.59,0.0,16,39968,buy
13:39:18,24.98,+1.59,0.0,8,19984,buy
13:39:15,24.98,+1.59,0.01,9,22482,buy
13:39:12,24.97,+1.55,-0.01,16,39952,sell
13:39:09,24.98,+1.59,0.01,8,19984,buy
13:39:06,24.97,+1.55,0.0,8,19976,buy
13:39:03,24.97,+1.55,0.01,16,39952,buy
13:38:57,24.96,+1.50,0.0,95,237120,sell
13:38:54,24.96,+1.50,0.0,7,17472,buy
13:38:51,24.96,+1.50,0.01,27,67392,buy
13:38:48,24.95,+1.46,-0.01,24,59880,sell
13:38:45,24.96,+1.50,0.01,21,52416,buy
13:38:42,24.95,+1.46,0.0,96,239520,sell
13:38:36,24.95,+1.46,-0.01,34,84830,sell
13:38:33,24.96,+1.50,0.01,24,59904,buy
13:38:30,24.95,+1.46,0.0,37,92315,sell
13:38:27,24.95,+1.46,0.0,78,194610,buy
13:38:24,24.95,+1.46,0.0,23,57385,buy
13:38:21,24.95,+1.46,0.0,7,17465,norm
13:38:21,24.95,+1.46,0.0,7,17465,buy
13:38:18,24.95,+1.46,0.01,58,144710,buy
13:38:15,24.94,+1.42,-0.02,18,44892,sell
13:38:12,24.96,+1.50,0.03,176,439321,buy
13:38:09,24.93,+1.38,0.0,70,174510,sell
13:38:06,24.93,+1.38,0.0,24,59832,sell
13:38:03,24.93,+1.38,-0.01,67,167031,sell
13:38:00,24.94,+1.42,0.0,29,72326,buy
13:37:57,24.94,+1.42,0.0,39,97266,buy
13:37:54,24.94,+1.42,-0.03,64,162085,sell
13:37:51,24.97,+1.55,0.03,4,9988,buy
13:37:48,24.94,+1.42,-0.02,307,765658,sell
13:37:45,24.96,+1.50,0.0,58,144793,buy
13:37:42,24.96,+1.50,0.0,5,12480,buy
13:37:39,24.96,+1.50,0.0,19,47424,buy
13:37:36,24.96,+1.50,0.0,23,57408,buy
13:37:33,24.96,+1.50,0.0,17,44903,sell
13:37:30,24.96,+1.50,-0.03,59,147264,sell
13:37:27,24.99,+1.63,-0.01,902,2254098,sell
13:37:24,25.0,+1.67,0.01,49,122525,buy
13:37:21,24.99,+1.63,-0.01,321,802179,sell
13:37:18,25.0,+1.67,0.0,9,22500,buy
13:37:15,25.0,+1.67,0.0,54,135000,buy
13:37:12,25.0,+1.67,0.01,14,35000,buy
13:37:09,24.99,+1.63,0.0,60,149940,sell
13:37:06,24.99,+1.63,0.01,2,4998,buy
13:37:03,24.98,+1.59,-0.01,56,139888,sell
13:37:00,24.99,+1.63,0.0,6,14994,buy
13:36:57,24.99,+1.63,0.0,46,114954,buy
13:36:54,24.99,+1.63,-0.01,77,192423,sell
13:36:51,25.0,+1.67,0.0,1,2500,buy
13:36:48,25.0,+1.67,0.0,56,140000,buy
13:36:45,25.0,+1.67,0.01,3,7500,norm
13:36:42,24.99,+1.63,-0.02,3,7497,sell
13:36:39,25.01,+1.71,0.01,58,145058,buy
13:36:36,25.0,+1.67,0.02,31,77500,norm
13:36:33,24.98,+1.59,-0.02,77,194344,sell
13:36:30,25.0,+1.67,0.01,116,290500,buy
13:36:27,24.99,+1.63,-0.03,930,2326069,sell
13:36:24,25.02,+1.75,0.0,7,17514,buy
13:36:21,25.02,+1.75,0.0,23,57546,buy
13:36:18,25.02,+1.75,0.01,7,17514,buy
13:36:15,25.01,+1.71,-0.02,87,217587,sell
13:36:12,25.03,+1.79,0.01,36,90108,buy
13:36:09,25.02,+1.75,-0.01,28,70056,sell
13:36:06,25.03,+1.79,0.0,15,37545,buy
13:36:03,25.03,+1.79,-0.01,2,5006,sell
13:36:00,25.04,+1.83,0.0,10,25040,buy
13:35:57,25.04,+1.83,0.0,38,95152,buy
13:35:51,25.04,+1.83,0.03,33,82632,buy
13:35:48,25.01,+1.71,-0.02,44,110044,sell
13:35:45,25.03,+1.79,0.03,12,30036,norm
13:35:39,25.0,+1.67,0.0,818,2045500,sell
13:35:36,25.0,+1.67,0.0,75,187500,sell
13:35:33,25.0,+1.67,0.02,553,1382500,buy
13:35:30,24.98,+1.59,-0.01,242,604516,sell
13:35:27,24.99,+1.63,0.01,515,1286985,sell
13:35:24,24.98,+1.59,-0.01,568,1418864,sell
13:35:21,24.99,+1.63,0.0,20,49980,buy
13:35:18,24.99,+1.63,0.0,1,2499,buy
13:35:15,24.99,+1.63,0.01,52,129948,buy
13:35:12,24.98,+1.59,0.0,134,334732,norm
13:35:12,24.98,+1.59,-0.01,134,334732,sell
13:35:09,24.99,+1.63,0.01,23,57477,buy
13:35:06,24.98,+1.59,-0.01,162,404676,sell
13:35:03,24.99,+1.63,0.01,15,37485,buy
13:35:00,24.98,+1.59,0.0,37,92426,sell
13:34:57,24.98,+1.59,0.01,138,344724,buy
13:34:54,24.97,+1.55,0.0,21,52437,sell
13:34:51,24.97,+1.55,0.0,7,17479,sell
13:34:48,24.97,+1.55,0.0,15,37455,buy
13:34:45,24.97,+1.55,0.01,41,102377,buy
13:34:42,24.96,+1.50,-0.01,56,139776,sell
13:34:39,24.97,+1.55,0.01,10,24970,buy
13:34:36,24.96,+1.50,-0.01,28,69888,sell
13:34:33,24.97,+1.55,0.02,65,162305,buy
13:34:30,24.95,+1.46,-0.01,96,239520,sell
13:34:27,24.96,+1.50,-0.01,109,272064,sell
13:34:24,24.97,+1.55,-0.01,350,873950,sell
13:34:21,24.98,+1.59,0.01,5,12490,buy
13:34:18,24.97,+1.55,0.0,332,829004,buy
13:34:15,24.97,+1.55,0.01,37,92389,buy
13:34:12,24.96,+1.50,-0.01,38,94848,sell
13:34:09,24.97,+1.55,0.0,383,956351,buy
13:34:06,24.97,+1.55,-0.01,265,661705,sell
13:34:03,24.98,+1.59,0.0,7,17486,buy
13:34:00,24.98,+1.59,0.01,27,67446,buy
13:33:57,24.97,+1.55,0.0,15,37455,sell
13:33:54,24.97,+1.55,0.01,194,484418,buy
13:33:51,24.96,+1.50,-0.01,103,257088,sell
13:33:48,24.97,+1.55,0.01,41,102377,buy
13:33:45,24.96,+1.50,0.0,21,52416,sell
13:33:42,24.96,+1.50,0.0,49,122304,buy
13:33:39,24.96,+1.50,0.01,9,22464,buy
13:33:36,24.95,+1.46,0.0,55,137225,sell
13:33:33,24.95,+1.46,0.0,20,49900,sell
13:33:30,24.95,+1.46,0.0,313,780935,buy
13:33:27,24.95,+1.46,0.01,144,359280,buy
13:33:24,24.94,+1.42,-0.01,94,234436,sell
13:33:21,24.95,+1.46,0.01,69,172155,buy
13:33:18,24.94,+1.42,0.01,103,256882,norm
13:33:15,24.93,+1.38,-0.02,19,47367,sell
13:33:12,24.95,+1.46,0.02,15,37425,buy
13:33:09,24.93,+1.38,-0.02,52,129636,sell
13:33:06,24.95,+1.46,-0.01,17,42415,sell
13:33:03,24.96,+1.50,0.0,41,102336,buy
13:33:00,24.96,+1.50,0.0,14,34944,buy
13:32:57,24.96,+1.50,0.0,67,167232,buy
13:32:54,24.96,+1.50,0.01,23,57408,buy
13:32:51,24.95,+1.46,0.0,32,79840,sell
13:32:48,24.95,+1.46,0.0,200,499000,sell
13:32:45,24.95,+1.46,0.0,11,27445,sell
13:32:42,24.95,+1.46,0.0,87,217065,buy
13:32:39,24.95,+1.46,0.0,1,2495,buy
13:32:36,24.95,+1.46,0.0,44,109780,buy
13:32:33,24.95,+1.46,0.01,41,102295,buy
13:32:30,24.94,+1.42,-0.01,20,49880,norm
13:32:27,24.95,+1.46,0.04,8,19960,buy
13:32:24,24.91,+1.30,-0.04,64,159424,norm
13:32:21,24.95,+1.46,0.06,367,915665,buy
13:32:18,24.89,+1.22,-0.06,646,1607894,sell
13:32:15,24.95,+1.46,0.04,53,132235,buy
13:32:12,24.91,+1.30,0.01,146,363686,buy
13:32:09,24.9,+1.26,-0.05,440,1095600,sell
13:32:06,24.95,+1.46,0.0,510,1272450,sell
13:32:06,24.95,+1.46,0.0,510,1272450,norm
13:32:06,24.95,+1.46,0.0,510,1272450,sell
13:32:03,24.95,+1.46,0.0,25,62375,buy
13:32:00,24.95,+1.46,0.04,13,32435,buy
13:31:57,24.91,+1.30,-0.01,213,530583,sell
13:31:54,24.92,+1.34,0.02,1,2492,norm
13:31:51,24.9,+1.26,-0.01,125,311250,sell
13:31:48,24.91,+1.30,0.01,173,430943,buy
13:31:45,24.9,+1.26,0.0,28,69720,sell
13:31:42,24.9,+1.26,0.0,98,244020,buy
13:31:39,24.9,+1.26,0.0,36,89640,buy
13:31:36,24.9,+1.26,0.0,503,1252470,buy
13:31:33,24.9,+1.26,0.01,29,72210,buy
13:31:30,24.89,+1.22,-0.01,502,1249478,sell
13:31:27,24.9,+1.26,0.0,98,244020,buy
13:31:24,24.9,+1.26,0.01,192,478080,buy
13:31:21,24.89,+1.22,-0.01,941,2342149,sell
13:31:18,24.9,+1.26,-0.01,487,1212630,sell
13:31:15,24.91,+1.30,0.01,162,403542,buy
13:31:12,24.9,+1.26,0.0,599,1491510,sell
13:31:09,24.9,+1.26,-0.04,71,176790,sell
13:31:06,24.94,+1.42,0.04,261,650934,buy
13:31:03,24.9,+1.26,0.0,50,124500,buy
13:31:00,24.9,+1.26,-0.05,2441,6078090,sell
13:30:57,24.95,+1.46,0.0,10,24950,sell
13:30:54,24.95,+1.46,-0.01,6,14970,norm
13:30:51,24.96,+1.50,0.02,477,1190592,buy
13:30:48,24.94,+1.42,-0.01,23,57362,sell
13:30:45,24.95,+1.46,-0.01,745,1858775,sell
13:30:42,24.96,+1.50,0.0,77,192192,sell
13:30:39,24.96,+1.50,0.01,79,197184,buy
13:30:36,24.95,+1.46,-0.01,21,52395,sell
13:30:33,24.96,+1.50,-0.01,49,122304,sell
13:30:30,24.97,+1.55,-0.01,82,204754,buy
13:30:27,24.98,+1.59,0.0,83,207334,buy
13:30:24,24.98,+1.59,0.0,47,117406,buy
13:30:21,24.98,+1.59,0.0,10,24980,buy
13:30:18,24.98,+1.59,-0.03,217,542066,sell
13:30:15,25.01,+1.71,0.01,80,200080,buy
13:30:12,25.0,+1.67,0.0,37,92500,buy
13:30:09,25.0,+1.67,0.0,71,177500,sell
13:30:06,25.0,+1.67,-0.01,24,60000,sell
13:30:03,25.01,+1.71,0.0,76,190076,buy
13:30:00,25.01,+1.71,0.0,22,55022,sell
13:29:57,25.01,+1.71,0.01,34,85034,norm
13:29:54,25.0,+1.67,-0.02,96,240000,sell
13:29:51,25.02,+1.75,0.01,141,352782,buy
13:29:48,25.01,+1.71,0.01,346,865346,norm
13:29:45,25.0,+1.67,-0.03,22,55000,sell
13:29:42,25.03,+1.79,0.0,67,167701,sell
13:29:39,25.03,+1.79,0.0,20,50060,sell
13:29:36,25.03,+1.79,0.0,14,35042,buy
13:29:33,25.03,+1.79,0.0,63,157689,buy
13:29:30,25.03,+1.79,0.0,2019,5053557,sell
13:29:27,25.03,+1.79,0.0,65,162695,sell
13:29:24,25.03,+1.79,-0.01,322,805966,sell
13:29:21,25.04,+1.83,0.01,41,102664,buy
13:29:18,25.03,+1.79,0.0,5,12515,sell
13:29:15,25.03,+1.79,0.0,125,312875,sell
13:29:12,25.03,+1.79,0.0,175,438025,sell
13:29:09,25.03,+1.79,-0.01,66,165198,sell
13:29:06,25.04,+1.83,0.0,26,65104,sell
13:29:03,25.04,+1.83,0.0,20,50080,sell
13:29:00,25.04,+1.83,-0.01,63,157752,sell
13:28:57,25.05,+1.87,0.0,6,15030,buy
13:28:57,25.05,+1.87,0.0,6,15030,norm
13:28:57,25.05,+1.87,0.0,6,15030,buy
13:28:54,25.05,+1.87,0.01,1,2505,buy
13:28:51,25.04,+1.83,0.0,39,97656,sell
13:28:48,25.04,+1.83,-0.02,203,508312,sell
13:28:45,25.06,+1.91,0.01,104,260624,buy
13:28:42,25.05,+1.87,0.0,35,87675,sell
13:28:39,25.05,+1.87,-0.01,2,5010,sell
13:28:36,25.06,+1.91,-0.01,126,315756,sell
13:28:33,25.07,+1.95,0.0,7,17549,buy
13:28:30,25.07,+1.95,0.0,16,40112,sell
13:28:27,25.07,+1.95,0.0,18,45126,buy
13:28:24,25.07,+1.95,-0.01,53,132871,sell
13:28:21,25.08,+1.99,0.01,45,112860,buy
13:28:18,25.07,+1.95,-0.02,78,195546,sell
13:28:15,25.09,+2.03,0.01,161,403949,buy
13:28:12,25.08,+1.99,0.0,30,75240,sell
13:28:09,25.08,+1.99,0.0,154,386232,sell
13:28:06,25.08,+1.99,-0.01,7,17556,sell
13:28:03,25.09,+2.03,-0.01,50,125450,norm
13:28:00,25.1,+2.07,0.02,4,10040,buy
13:27:57,25.08,+1.99,-0.02,5,12540,sell
13:27:54,25.1,+2.07,0.02,77,193270,buy
13:27:51,25.08,+1.99,-0.02,64,160512,sell
13:27:48,25.1,+2.07,0.01,24,60240,buy
13:27:45,25.09,+2.03,-0.01,29,72761,sell
13:27:42,25.1,+2.07,0.0,425,1066750,buy
13:27:39,25.1,+2.07,0.01,28,70280,buy
13:27:36,25.09,+2.03,-0.01,36,90324,sell
13:27:33,25.1,+2.07,0.01,163,409130,buy
13:27:30,25.09,+2.03,0.0,101,253409,sell
13:27:27,25.09,+2.03,-0.01,25,62725,sell
13:27:24,25.1,+2.07,0.0,146,366460,buy
13:27:21,25.1,+2.07,0.01,12,30120,buy
13:27:18,25.09,+2.03,0.0,61,153049,sell
13:27:15,25.09,+2.03,0.01,111,278499,buy
13:27:12,25.08,+1.99,-0.01,3,7524,sell
13:27:09,25.09,+2.03,0.0,29,72761,buy
13:27:06,25.09,+2.03,0.01,65,163085,buy
13:27:03,25.08,+1.99,-0.01,30,75240,sell
13:27:00,25.09,+2.03,0.0,45,112905,buy
13:26:57,25.09,+2.03,-0.01,71,178139,sell
13:26:54,25.1,+2.07,0.01,1,2510,buy
13:26:51,25.09,+2.03,0.01,154,386386,buy
13:26:48,25.08,+1.99,-0.01,246,616968,sell
13:26:45,25.09,+2.03,0.0,46,115414,buy
13:26:42,25.09,+2.03,0.0,249,624741,buy
13:26:39,25.09,+2.03,0.01,46,115414,buy
13:26:36,25.08,+1.99,-0.01,18,45144,sell
13:26:33,25.09,+2.03,0.0,51,127959,buy
13:26:30,25.09,+2.03,0.01,126,316134,buy
13:26:27,25.08,+1.99,0.0,32,80256,buy
13:26:24,25.08,+1.99,-0.01,101,253308,sell
13:26:21,25.09,+2.03,0.0,6,15054,buy
13:26:18,25.09,+2.03,0.01,26,65234,buy
13:26:15,25.08,+1.99,0.0,41,102828,buy
13:26:12,25.08,+1.99,-0.01,40,100320,sell
13:26:09,25.09,+2.03,0.01,106,265954,buy
13:26:06,25.08,+1.99,0.0,10,25080,buy
13:26:03,25.08,+1.99,0.01,44,110352,buy
13:26:00,25.07,+1.95,0.0,17,42619,sell
13:25:57,25.07,+1.95,-0.01,5,12535,sell
13:25:54,25.08,+1.99,0.0,19,47652,buy
13:25:51,25.08,+1.99,0.01,15,37620,buy
13:25:48,25.07,+1.95,0.0,136,340952,norm
13:25:48,25.07,+1.95,-0.01,136,340952,sell
13:25:45,25.08,+1.99,0.02,36,90288,buy
13:25:42,25.06,+1.91,-0.01,78,195468,sell
13:25:39,25.07,+1.95,0.01,5,12535,norm
13:25:36,25.06,+1.91,-0.02,8,20048,sell
13:25:33,25.08,+1.99,0.0,70,175560,buy
13:25:30,25.08,+1.99,0.02,22,55176,buy
13:25:27,25.06,+1.91,0.0,182,456092,buy
13:25:24,25.06,+1.91,0.01,16,40096,sell
13:25:21,25.05,+1.87,0.0,31,77655,sell
13:25:18,25.05,+1.87,0.0,162,405810,sell
13:25:15,25.05,+1.87,0.0,102,255510,sell
13:25:12,25.05,+1.87,0.0,117,293085,sell
13:25:09,25.05,+1.87,-0.01,114,285570,sell
13:25:06,25.06,+1.91,0.0,71,177926,buy
13:25:03,25.06,+1.91,0.0,154,385924,buy
13:25:00,25.06,+1.91,0.01,37,92722,buy
13:24:57,25.05,+1.87,-0.01,60,150300,sell
13:24:54,25.06,+1.91,0.01,3,7518,buy
13:24:51,25.05,+1.87,-0.01,5,12525,sell
13:24:48,25.06,+1.91,0.0,2,5012,buy
13:24:45,25.06,+1.91,-0.03,165,413490,sell
13:24:42,25.09,+2.03,-0.01,115,288535,sell
13:24:39,25.1,+2.07,0.0,18,45180,buy
13:24:36,25.1,+2.07,-0.01,267,670170,sell
13:24:33,25.11,+2.11,0.01,16,40176,norm
13:24:30,25.1,+2.07,0.0,64,160640,sell
13:24:27,25.1,+2.07,-0.01,5,12550,sell
13:24:24,25.11,+2.11,0.0,44,110484,buy
13:24:21,25.11,+2.11,0.0,17,42687,buy
13:24:18,25.11,+2.11,0.0,41,102951,buy
13:24:15,25.11,+2.11,-0.01,49,123039,sell
13:24:12,25.12,+2.16,0.0,17,42704,sell
13:24:09,25.12,+2.16,-0.01,10,25120,sell
13:24:03,25.13,+2.20,0.0,15,37695,sell
13:24:00,25.13,+2.20,-0.02,19,47747,sell
13:23:54,25.15,+2.28,0.0,75,188625,sell
13:23:51,25.15,+2.28,-0.01,46,115690,sell
13:23:48,25.16,+2.32,0.01,93,233988,buy
13:23:45,25.15,+2.28,0.0,14,35210,sell
13:23:42,25.15,+2.28,0.0,31,77965,sell
13:23:39,25.15,+2.28,0.0,5,12575,sell
13:23:36,25.15,+2.28,-0.01,2,5030,sell
13:23:33,25.16,+2.32,0.0,60,150960,sell
13:23:30,25.16,+2.32,0.0,3,7548,sell
13:23:24,25.16,+2.32,-0.01,82,206312,sell
13:23:21,25.17,+2.36,0.0,3,7551,norm
13:23:18,25.17,+2.36,0.0,42,105714,sell
13:23:15,25.17,+2.36,-0.01,86,216462,sell
13:23:12,25.18,+2.40,0.0,1061,2671598,sell
13:23:09,25.18,+2.40,0.0,146,367628,sell
13:23:03,25.18,+2.40,0.0,41,103238,sell
13:23:00,25.18,+2.40,0.0,4,10072,sell
13:22:57,25.18,+2.40,0.0,1,2518,sell
13:22:54,25.18,+2.40,-0.02,45,113310,sell
13:22:51,25.2,+2.48,0.01,16,40320,buy
13:22:48,25.19,+2.44,0.0,5,12595,sell
13:22:45,25.19,+2.44,0.01,18,45342,norm
13:22:42,25.18,+2.40,-0.03,18,45324,sell
13:22:39,25.21,+2.52,-0.03,1,2521,norm
13:22:39,25.21,+2.52,0.0,1,2521,buy
13:22:36,25.21,+2.52,0.0,744,1875624,buy
13:22:33,25.21,+2.52,0.01,164,413444,buy
13:22:30,25.2,+2.48,0.01,236,594720,buy
13:22:27,25.19,+2.44,0.01,5,12595,buy
13:22:24,25.18,+2.40,0.0,5,12590,sell
13:22:21,25.18,+2.40,-0.02,25,62950,sell
13:22:18,25.2,+2.48,0.0,6,15120,buy
13:22:15,25.2,+2.48,-0.01,155,390600,sell
13:22:12,25.21,+2.52,0.01,54,136134,buy
13:22:09,25.2,+2.48,0.0,24,60480,sell
13:22:06,25.2,+2.48,-0.02,19,47880,sell
13:22:03,25.22,+2.56,-0.01,339,854958,sell
13:22:00,25.23,+2.60,0.0,8,20184,buy
13:21:57,25.23,+2.60,0.01,3,7569,buy
13:21:54,25.22,+2.56,-0.01,215,542230,sell
13:21:51,25.23,+2.60,0.0,12,30276,buy
13:21:48,25.23,+2.60,0.0,27,68121,buy
13:21:45,25.23,+2.60,0.01,16,40368,buy
13:21:42,25.22,+2.56,-0.01,202,509444,sell
13:21:39,25.23,+2.60,0.0,6,15138,sell
13:21:36,25.23,+2.60,0.0,9,22707,buy
13:21:33,25.23,+2.60,0.0,21,52983,sell
13:21:30,25.23,+2.60,0.0,206,519738,sell
13:21:27,25.23,+2.60,0.01,111,280053,buy
13:21:24,25.22,+2.56,0.0,85,214370,sell
13:21:21,25.22,+2.56,0.01,9,22698,norm
13:21:18,25.21,+2.52,-0.01,722,1820162,sell
13:21:15,25.22,+2.56,0.0,504,1271088,buy
13:21:12,25.22,+2.56,0.0,6,15132,buy
13:21:09,25.22,+2.56,0.0,13,32786,buy
13:21:06,25.22,+2.56,0.0,60,151320,sell
13:21:03,25.22,+2.56,0.0,11,27742,sell
13:21:00,25.22,+2.56,0.0,4,10088,sell
13:20:57,25.22,+2.56,0.0,10,25220,sell
13:20:54,25.22,+2.56,0.01,77,194194,buy
13:20:51,25.21,+2.52,0.01,17,42857,buy
13:20:45,25.2,+2.48,-0.01,9,22680,norm
13:20:42,25.21,+2.52,0.02,78,196638,buy
13:20:39,25.19,+2.44,0.0,20,50380,sell
13:20:36,25.19,+2.44,-0.02,106,267014,sell
13:20:33,25.21,+2.52,0.01,2,5042,buy
13:20:30,25.2,+2.48,0.0,16,40320,sell
13:20:27,25.2,+2.48,0.0,122,307440,buy
13:20:24,25.2,+2.48,0.01,50,126000,buy
13:20:21,25.19,+2.44,-0.01,46,115874,sell
13:20:18,25.2,+2.48,0.0,5,12600,buy
13:20:15,25.2,+2.48,0.0,12,30240,buy
13:20:12,25.2,+2.48,0.0,1,2520,buy
13:20:09,25.2,+2.48,0.0,20,50400,buy
13:20:06,25.2,+2.48,0.01,16,40320,buy
13:20:03,25.19,+2.44,0.0,44,110836,sell
13:20:00,25.19,+2.44,-0.01,103,259457,sell
13:19:57,25.2,+2.48,0.01,102,257040,buy
13:19:54,25.19,+2.44,0.0,20,50380,sell
13:19:51,25.19,+2.44,-0.01,4,10076,sell
13:19:48,25.2,+2.48,0.01,16,40320,buy
13:19:45,25.19,+2.44,0.01,116,292204,buy
13:19:42,25.18,+2.40,0.0,18,45324,sell
13:19:39,25.18,+2.40,-0.02,4,10072,sell
13:19:36,25.2,+2.48,0.0,91,229320,buy
13:19:33,25.2,+2.48,0.01,47,118440,buy
13:19:30,25.19,+2.44,0.0,39,98241,norm
13:19:30,25.19,+2.44,-0.01,39,98241,sell
13:19:27,25.2,+2.48,0.0,52,131040,buy
13:19:24,25.2,+2.48,0.01,84,211680,buy
13:19:21,25.19,+2.44,0.0,16,40304,sell
13:19:18,25.19,+2.44,0.0,25,62975,sell
13:19:15,25.19,+2.44,0.0,3,7557,sell
13:19:12,25.19,+2.44,0.0,241,607079,sell
13:19:09,25.19,+2.44,-0.01,7,17633,sell
13:19:06,25.2,+2.48,0.01,44,110880,buy
13:19:03,25.19,+2.44,0.0,29,73051,sell
13:19:00,25.19,+2.44,-0.01,526,1324994,sell
13:18:57,25.2,+2.48,0.0,14,35280,buy
13:18:54,25.2,+2.48,0.0,5,12600,buy
13:18:51,25.2,+2.48,0.0,301,758520,buy
13:18:48,25.2,+2.48,0.0,3,7560,buy
13:18:45,25.2,+2.48,0.01,1,2520,buy
13:18:42,25.19,+2.44,0.0,30,75570,sell
13:18:39,25.19,+2.44,0.0,16,40304,buy
13:18:36,25.19,+2.44,0.02,22,55418,buy
13:18:33,25.17,+2.36,-0.02,46,115782,sell
13:18:30,25.19,+2.44,0.0,8,20152,buy
13:18:27,25.19,+2.44,0.02,64,161216,buy
13:18:24,25.17,+2.36,0.0,9,22653,sell
13:18:21,25.17,+2.36,0.0,23,57891,sell
13:18:18,25.17,+2.36,0.0,10,25170,sell
13:18:15,25.17,+2.36,0.01,84,211428,buy
13:18:12,25.16,+2.32,0.0,2,5032,sell
13:18:09,25.16,+2.32,-0.03,6,15096,sell
13:18:06,25.19,+2.44,0.02,42,105798,buy
13:18:03,25.17,+2.36,0.01,141,354897,buy
13:18:00,25.16,+2.32,0.0,10,25160,sell
13:17:57,25.16,+2.32,0.0,31,77996,buy
13:17:54,25.16,+2.32,-0.01,4,10064,sell
13:17:51,25.17,+2.36,0.01,21,52857,buy
13:17:48,25.16,+2.32,-0.01,3,7548,sell
13:17:45,25.17,+2.36,0.0,61,153537,buy
13:17:42,25.17,+2.36,-0.03,26,65442,sell
13:17:39,25.2,+2.48,0.0,3,7560,buy
13:17:36,25.2,+2.48,-0.01,3,7736,sell
13:17:33,25.21,+2.52,0.01,5,12605,buy
13:17:30,25.2,+2.48,-0.01,9,22680,sell
13:17:27,25.21,+2.52,0.01,39,98319,buy
13:17:24,25.2,+2.48,-0.01,11,27720,sell
13:17:21,25.21,+2.52,-0.02,14,35294,sell
13:17:18,25.23,+2.60,0.0,15,37845,buy
13:17:15,25.23,+2.60,0.0,34,85782,buy
13:17:12,25.23,+2.60,-0.01,3,7569,norm
13:17:09,25.24,+2.64,0.0,48,121152,buy
13:17:06,25.24,+2.64,-0.01,36,90864,sell
13:17:03,25.25,+2.68,0.0,58,146450,buy
13:17:00,25.25,+2.68,0.01,96,242400,buy
13:16:57,25.24,+2.64,-0.01,506,1277144,sell
13:16:54,25.25,+2.68,0.01,14,35350,buy
13:16:51,25.24,+2.64,0.0,19,47956,sell
13:16:48,25.24,+2.64,0.04,619,1564703,buy
13:16:45,25.2,+2.48,0.0,12,30240,sell
13:16:42,25.2,+2.48,-0.01,38,95760,sell
13:16:39,25.21,+2.52,0.04,101,254621,buy
13:16:36,25.17,+2.36,-0.02,10,25170,sell
13:16:33,25.19,+2.44,0.03,8,20152,buy
13:16:30,25.16,+2.32,-0.04,1,2516,sell
13:16:27,25.2,+2.48,0.0,36,90720,sell
13:16:24,25.2,+2.48,0.05,7,17640,buy
13:16:21,25.15,+2.28,0.0,8,20120,norm
13:16:21,25.15,+2.28,0.0,8,20120,sell
13:16:18,25.15,+2.28,-0.05,804,2022060,sell
13:16:15,25.2,+2.48,0.01,42,105840,buy
13:16:12,25.19,+2.44,-0.01,20,50380,sell
13:16:09,25.2,+2.48,0.0,10,25200,buy
13:16:06,25.2,+2.48,0.01,203,511560,buy
13:16:03,25.19,+2.44,0.0,82,206558,buy
13:16:00,25.19,+2.44,0.0,3,7557,buy
13:15:54,25.19,+2.44,0.0,11,27709,buy
13:15:51,25.19,+2.44,0.04,107,269533,buy
13:15:48,25.15,+2.28,-0.03,6,15090,sell
13:15:45,25.18,+2.40,0.0,17,42806,buy
13:15:42,25.18,+2.40,0.04,11,27698,norm
13:15:39,25.14,+2.24,0.0,18,45252,sell
13:15:36,25.14,+2.24,0.0,131,329334,sell
13:15:33,25.14,+2.24,-0.01,34,85476,sell
13:15:30,25.15,+2.28,0.01,35,88025,buy
13:15:27,25.14,+2.24,0.01,1,2514,buy
13:15:24,25.13,+2.20,0.01,24,60312,buy
13:15:21,25.12,+2.16,0.0,6,15072,sell
13:15:18,25.12,+2.16,0.01,17,42704,buy
13:15:15,25.11,+2.11,0.01,29,72819,buy
13:15:12,25.1,+2.07,0.01,178,446780,buy
13:15:09,25.09,+2.03,0.01,8,20072,sell
13:15:06,25.08,+1.99,-0.01,64,160512,sell
13:15:03,25.09,+2.03,0.01,20,50180,buy
13:15:00,25.08,+1.99,0.0,1,2508,sell
13:14:57,25.08,+1.99,0.0,213,534204,buy
13:14:54,25.08,+1.99,0.0,6,15048,buy
13:14:51,25.08,+1.99,0.04,56,140448,buy
13:14:48,25.04,+1.83,0.0,31,77624,sell
13:14:45,25.04,+1.83,0.0,13,32552,sell
13:14:42,25.04,+1.83,0.02,54,135216,buy
13:14:39,25.02,+1.75,-0.02,49,122598,sell
13:14:36,25.04,+1.83,0.0,8,20032,buy
13:14:33,25.04,+1.83,-0.01,62,155248,sell
13:14:30,25.05,+1.87,0.0,19,47595,buy
13:14:27,25.05,+1.87,-0.04,430,1077150,sell
13:14:24,25.09,+2.03,-0.01,16,40144,sell
13:14:21,25.1,+2.07,-0.01,218,547180,sell
13:14:18,25.11,+2.11,-0.01,28,70308,sell
13:14:15,25.12,+2.16,0.02,20,50240,buy
13:14:12,25.1,+2.07,-0.02,71,178210,sell
13:14:09,25.12,+2.16,0.02,13,32656,buy
13:14:06,25.1,+2.07,0.0,166,416660,sell
13:14:03,25.1,+2.07,-0.01,53,133030,sell
13:14:00,25.11,+2.11,-0.01,46,115506,sell
13:13:57,25.12,+2.16,0.0,66,165792,buy
13:13:54,25.12,+2.16,0.0,1,2512,buy
13:13:51,25.12,+2.16,0.0,45,113216,sell
13:13:48,25.12,+2.16,0.0,89,223568,sell
13:13:45,25.12,+2.16,-0.01,85,213520,sell
13:13:42,25.13,+2.20,0.0,47,118111,buy
13:13:39,25.13,+2.20,0.0,55,138215,sell
13:13:36,25.13,+2.20,0.0,11,27643,sell
13:13:33,25.13,+2.20,-0.01,29,72877,sell
13:13:30,25.14,+2.24,-0.01,22,55308,sell
13:13:27,25.15,+2.28,0.0,10,25150,buy
13:13:24,25.15,+2.28,0.0,54,135810,sell
13:13:21,25.15,+2.28,0.0,42,105630,sell
13:13:18,25.15,+2.28,-0.03,6,15090,sell
13:13:15,25.18,+2.40,0.0,21,52878,buy
13:13:15,25.18,+2.40,0.0,21,52878,norm
13:13:15,25.18,+2.40,0.01,21,52878,buy
13:13:12,25.17,+2.36,-0.01,1,2517,sell
13:13:09,25.18,+2.40,-0.01,21,52878,buy
13:13:06,25.19,+2.44,0.0,60,151140,buy
13:13:03,25.19,+2.44,0.0,3,7557,buy
13:13:00,25.19,+2.44,0.0,2,5038,buy
13:12:57,25.19,+2.44,0.0,68,171292,sell
13:12:54,25.19,+2.44,-0.01,4,10076,sell
13:12:51,25.2,+2.48,0.0,539,1358280,buy
13:12:48,25.2,+2.48,0.01,5,12600,buy
13:12:45,25.19,+2.44,0.03,107,269533,sell
13:12:42,25.16,+2.32,-0.04,66,166056,sell
13:12:39,25.2,+2.48,0.0,32,80640,buy
13:12:36,25.2,+2.48,0.0,43,108360,sell
13:12:30,25.2,+2.48,-0.07,58,146160,sell
13:12:27,25.27,+2.77,0.07,10,25270,buy
13:12:24,25.2,+2.48,-0.01,75,189000,sell
13:12:21,25.21,+2.52,0.0,11,27731,sell
13:12:15,25.21,+2.52,-0.05,50,126050,sell
13:12:12,25.26,+2.72,-0.01,3,7578,sell
13:12:09,25.27,+2.77,0.0,2,5054,buy
13:12:06,25.27,+2.77,-0.01,40,101080,sell
13:12:03,25.28,+2.81,0.01,5,12640,buy
13:12:00,25.27,+2.77,0.01,2,5054,sell
13:11:57,25.26,+2.72,0.01,24,60624,sell
13:11:54,25.25,+2.68,-0.02,46,116150,sell
13:11:51,25.27,+2.77,0.0,12,30324,buy
13:11:48,25.27,+2.77,-0.01,28,70756,sell
13:11:45,25.28,+2.81,0.0,12,30336,sell
13:11:42,25.28,+2.81,0.0,50,126400,sell
13:11:39,25.28,+2.81,-0.02,11,27808,sell
13:11:36,25.3,+2.89,0.01,7,17710,buy
13:11:33,25.29,+2.85,-0.01,2,5058,sell
13:11:30,25.3,+2.89,0.0,4,10120,buy
13:11:24,25.3,+2.89,0.0,38,96140,buy
13:11:21,25.3,+2.89,-0.01,22,55660,sell
13:11:18,25.31,+2.93,-0.01,99,250569,sell
13:11:15,25.32,+2.97,0.0,9,22788,buy
13:11:12,25.32,+2.97,0.01,1,2532,buy
13:11:09,25.31,+2.93,0.0,525,1328775,sell
13:11:06,25.31,+2.93,-0.01,44,111364,sell
13:11:03,25.32,+2.97,0.0,42,106344,buy
13:11:00,25.32,+2.97,0.01,26,65832,buy
13:10:57,25.31,+2.93,0.0,99,250569,sell
13:10:54,25.31,+2.93,0.0,365,923815,buy
13:10:51,25.31,+2.93,0.0,27,68337,buy
13:10:48,25.31,+2.93,0.0,68,172108,buy
13:10:45,25.31,+2.93,0.01,50,126550,buy
13:10:42,25.3,+2.89,-0.01,1,2530,sell
13:10:39,25.31,+2.93,-0.01,10,25310,norm
13:10:33,25.32,+2.97,0.0,34,86088,buy
13:10:27,25.32,+2.97,0.01,45,113940,buy
13:10:24,25.31,+2.93,-0.01,157,397367,sell
13:10:21,25.32,+2.97,0.0,165,417780,buy
13:10:18,25.32,+2.97,0.0,26,65832,buy
13:10:15,25.32,+2.97,0.0,205,519060,buy
13:10:12,25.32,+2.97,0.0,320,810240,buy
13:10:09,25.32,+2.97,0.0,70,177240,buy
13:10:06,25.32,+2.97,0.0,48,121536,buy
13:10:06,25.32,+2.97,0.0,48,121536,norm
13:10:06,25.32,+2.97,0.0,48,121536,buy
13:10:03,25.32,+2.97,0.01,6,15192,buy
13:10:00,25.31,+2.93,-0.01,8,20248,sell
13:09:57,25.32,+2.97,0.0,40,101280,buy
13:09:54,25.32,+2.97,0.0,219,554508,buy
13:09:51,25.32,+2.97,0.0,38,96216,buy
13:09:48,25.32,+2.97,0.0,10,25320,buy
13:09:45,25.32,+2.97,0.0,19,48108,buy
13:09:42,25.32,+2.97,0.01,14,35448,buy
13:09:39,25.31,+2.93,0.0,7,17717,sell
13:09:36,25.31,+2.93,0.0,21,53151,sell
13:09:33,25.31,+2.93,0.0,144,364464,buy
13:09:30,25.31,+2.93,0.0,4,10124,buy
13:09:27,25.31,+2.93,0.01,12,30372,buy
13:09:24,25.3,+2.89,-0.01,31,78430,sell
13:09:21,25.31,+2.93,0.01,34,86054,buy
13:09:18,25.3,+2.89,0.0,21,53130,buy
13:09:15,25.3,+2.89,0.0,21,53130,sell
13:09:12,25.3,+2.89,0.0,32,80960,sell
13:09:09,25.3,+2.89,0.0,15,37950,buy
13:09:06,25.3,+2.89,0.0,29,73370,buy
13:09:03,25.3,+2.89,0.0,21,53130,buy
13:09:00,25.3,+2.89,0.0,40,101200,buy
13:08:57,25.3,+2.89,0.0,16,40480,buy
13:08:54,25.3,+2.89,0.01,1,2530,buy
13:08:51,25.29,+2.85,0.0,15,37935,buy
13:08:48,25.29,+2.85,-0.01,10,25290,norm
13:08:45,25.3,+2.89,-0.01,49,123970,norm
13:08:42,25.31,+2.93,0.02,53,134143,buy
13:08:39,25.29,+2.85,-0.01,35,90968,norm
13:08:36,25.3,+2.89,0.01,9,22770,buy
13:08:33,25.29,+2.85,0.0,218,551322,buy
13:08:30,25.29,+2.85,0.0,4,10116,buy
13:08:27,25.29,+2.85,0.0,20,50580,buy
13:08:24,25.29,+2.85,0.0,9,22761,buy
13:08:21,25.29,+2.85,0.0,23,58167,buy
13:08:18,25.29,+2.85,0.01,21,53109,buy
13:08:15,25.28,+2.81,-0.01,22,55616,sell
13:08:12,25.29,+2.85,-0.01,10,25290,norm
13:08:09,25.3,+2.89,0.01,179,452870,buy
13:08:06,25.29,+2.85,0.0,68,171972,sell
13:08:03,25.29,+2.85,0.0,61,154269,buy
13:08:00,25.29,+2.85,0.01,31,78399,buy
13:07:57,25.28,+2.81,0.0,30,75840,sell
13:07:54,25.28,+2.81,-0.01,62,156736,sell
13:07:51,25.29,+2.85,0.0,21,53109,buy
13:07:48,25.29,+2.85,0.01,5,12645,buy
13:07:45,25.28,+2.81,0.0,32,80896,sell
13:07:42,25.28,+2.81,0.0,52,131456,sell
13:07:39,25.28,+2.81,0.0,19,48032,sell
13:07:36,25.28,+2.81,-0.01,24,60672,sell
13:07:33,25.29,+2.85,0.0,12,30348,buy
13:07:30,25.29,+2.85,0.0,22,55638,buy
13:07:27,25.29,+2.85,0.0,1,2529,buy
13:07:24,25.29,+2.85,-0.01,77,194733,sell
13:07:21,25.3,+2.89,0.01,6,15180,buy
13:07:18,25.29,+2.85,-0.01,23,58167,sell
13:07:15,25.3,+2.89,0.0,1,2530,buy
13:07:12,25.3,+2.89,0.02,127,321310,buy
13:07:09,25.28,+2.81,0.0,101,255328,sell
13:07:06,25.28,+2.81,-0.02,128,323584,sell
13:07:03,25.3,+2.89,0.02,12,30360,buy
13:06:54,25.28,+2.81,0.0,8,20224,norm
13:06:54,25.28,+2.81,-0.01,8,20224,sell
13:06:51,25.29,+2.85,0.01,5,12645,buy
13:06:48,25.28,+2.81,0.0,35,88480,sell
13:06:45,25.28,+2.81,0.0,4,10112,sell
13:06:42,25.28,+2.81,0.0,404,1021312,sell
13:06:39,25.28,+2.81,0.0,19,48032,sell
13:06:36,25.28,+2.81,0.0,116,293754,buy
13:06:33,25.28,+2.81,0.03,92,232576,buy
13:06:27,25.25,+2.68,0.0,2,5050,sell
13:06:24,25.25,+2.68,-0.03,16,40400,sell
13:06:21,25.28,+2.81,0.02,67,169376,buy
13:06:18,25.26,+2.72,-0.01,62,156612,sell
13:06:15,25.27,+2.77,0.02,22,55594,norm
13:06:12,25.25,+2.68,-0.01,320,808000,sell
13:06:09,25.26,+2.72,0.0,1,2526,sell
13:06:06,25.26,+2.72,-0.01,12,30312,sell
13:06:03,25.27,+2.77,0.0,8,20216,buy
13:06:00,25.27,+2.77,0.01,43,108661,buy
13:05:54,25.26,+2.72,0.01,4,10104,buy
13:05:51,25.25,+2.68,-0.02,26,65650,sell
13:05:48,25.27,+2.77,0.0,6,15162,buy
13:05:45,25.27,+2.77,0.0,10,25270,sell
13:05:42,25.27,+2.77,0.02,3,7581,norm
13:05:39,25.25,+2.68,-0.01,39,98475,sell
13:05:36,25.26,+2.72,0.0,28,70728,buy
13:05:33,25.26,+2.72,0.01,61,154086,buy
13:05:27,25.25,+2.68,0.0,25,63125,sell
13:05:24,25.25,+2.68,-0.01,19,47975,sell
13:05:21,25.26,+2.72,0.01,140,353640,buy
13:05:18,25.25,+2.68,0.0,9,22725,sell
13:05:15,25.25,+2.68,0.0,54,136350,sell
13:05:12,25.25,+2.68,-0.01,24,60600,sell
13:05:09,25.26,+2.72,0.01,20,50520,buy
13:05:06,25.25,+2.68,-0.01,41,103525,sell
13:05:03,25.26,+2.72,0.01,4,10104,buy
13:05:00,25.25,+2.68,0.0,30,75750,sell
13:04:54,25.25,+2.68,-0.01,43,108575,sell
13:04:51,25.26,+2.72,0.0,2,5052,buy
13:04:48,25.26,+2.72,0.0,7,17682,buy
13:04:45,25.26,+2.72,0.01,17,42942,buy
13:04:42,25.25,+2.68,0.0,37,93425,sell
13:04:39,25.25,+2.68,-0.01,10,25250,sell
13:04:36,25.26,+2.72,0.01,4,10104,buy
13:04:33,25.25,+2.68,-0.01,34,85850,sell
13:04:30,25.26,+2.72,0.0,35,88410,buy
13:04:27,25.26,+2.72,0.01,2,5052,buy
13:04:24,25.25,+2.68,-0.01,34,85850,sell
13:04:21,25.26,+2.72,0.0,9,22734,buy
13:04:18,25.26,+2.72,0.01,7,17682,buy
13:04:15,25.25,+2.68,-0.01,18,46687,sell
13:04:09,25.26,+2.72,0.0,2,5052,buy
13:04:06,25.26,+2.72,-0.02,22,55572,sell
13:04:03,25.28,+2.81,0.0,6,15168,buy
13:04:00,25.28,+2.81,0.0,107,270496,sell
13:03:57,25.28,+2.81,-0.01,85,214880,sell
13:03:54,25.29,+2.85,0.01,84,212436,buy
13:03:51,25.28,+2.81,0.0,16,40448,sell
13:03:48,25.28,+2.81,0.0,26,65728,norm
13:03:48,25.28,+2.81,0.0,26,65728,sell
13:03:45,25.28,+2.81,-0.01,240,606720,sell
13:03:42,25.29,+2.85,0.01,3,7587,buy
13:03:39,25.28,+2.81,0.0,32,80896,sell
13:03:36,25.28,+2.81,-0.01,25,63200,sell
13:03:33,25.29,+2.85,0.0,5,12645,buy
13:03:30,25.29,+2.85,0.0,38,96102,buy
13:03:27,25.29,+2.85,0.01,10,25290,buy
13:03:24,25.28,+2.81,-0.01,30,75840,sell
13:03:21,25.29,+2.85,0.0,11,27819,buy
13:03:18,25.29,+2.85,0.01,41,103689,buy
13:03:15,25.28,+2.81,0.0,3,7584,sell
13:03:12,25.28,+2.81,-0.01,1,2528,sell
13:03:09,25.29,+2.85,0.01,1,2529,buy
13:03:06,25.28,+2.81,-0.01,44,111232,sell
13:03:03,25.29,+2.85,0.01,27,68283,buy
13:03:00,25.28,+2.81,0.0,13,32864,sell
13:02:57,25.28,+2.81,0.0,13,32864,sell
13:02:54,25.28,+2.81,0.03,144,364032,buy
13:02:51,25.25,+2.68,0.0,28,70700,sell
13:02:48,25.25,+2.68,0.0,12,30300,sell
13:02:45,25.25,+2.68,0.0,40,101000,sell
13:02:39,25.25,+2.68,0.01,12,30300,norm
13:02:36,25.24,+2.64,-0.01,35,88340,sell
13:02:33,25.25,+2.68,0.0,31,78275,sell
13:02:27,25.25,+2.68,0.0,2,5050,sell
13:02:24,25.25,+2.68,0.01,65,164125,buy
13:02:21,25.24,+2.64,0.0,20,50480,sell
13:02:18,25.24,+2.64,0.0,1,2524,sell
13:02:15,25.24,+2.64,0.0,8,20192,sell
13:02:12,25.24,+2.64,-0.01,17,42908,sell
13:02:09,25.25,+2.68,0.01,7,17675,buy
13:02:06,25.24,+2.64,-0.01,35,88340,sell
13:02:03,25.25,+2.68,0.0,6,15150,buy
13:02:00,25.25,+2.68,0.0,17,42925,buy
13:01:57,25.25,+2.68,0.0,3,7575,buy
13:01:54,25.25,+2.68,0.0,48,121200,buy
13:01:51,25.25,+2.68,0.01,3,7575,buy
13:01:48,25.24,+2.64,0.0,67,169108,sell
13:01:45,25.24,+2.64,0.0,53,133772,sell
13:01:36,25.24,+2.64,-0.01,44,111056,sell
13:01:33,25.25,+2.68,0.01,36,90900,buy
13:01:30,25.24,+2.64,-0.01,6,15144,sell
13:01:27,25.25,+2.68,0.01,75,189375,buy
13:01:24,25.24,+2.64,0.0,104,262496,sell
13:01:21,25.24,+2.64,0.0,32,80768,sell
13:01:18,25.24,+2.64,0.03,263,663812,buy
13:01:15,25.21,+2.52,0.0,17,42857,sell
13:01:12,25.21,+2.52,-0.01,4,10084,sell
13:01:06,25.22,+2.56,-0.01,81,204282,sell
13:01:03,25.23,+2.60,0.0,13,32799,buy
13:01:00,25.23,+2.60,0.0,31,78213,buy
13:00:57,25.23,+2.60,-0.01,21,52983,sell
13:00:54,25.24,+2.64,0.01,10,25240,buy
13:00:51,25.23,+2.60,-0.01,3,7569,sell
13:00:45,25.24,+2.64,-0.01,37,93388,sell
13:00:39,25.25,+2.68,-0.01,6,15150,norm
13:00:39,25.25,+2.68,0.01,6,15150,norm
13:00:36,25.24,+2.64,-0.03,17,42908,sell
13:00:33,25.27,+2.77,0.02,14,35378,buy
13:00:30,25.25,+2.68,0.0,2,5050,sell
13:00:27,25.25,+2.68,0.0,2,5050,sell
13:00:24,25.25,+2.68,-0.01,32,80800,sell
13:00:21,25.26,+2.72,-0.01,298,752748,sell
13:00:15,25.27,+2.77,-0.03,158,399266,sell
13:00:12,25.3,+2.89,0.0,13,32890,buy
13:00:09,25.3,+2.89,0.02,95,240350,buy
13:00:06,25.28,+2.81,-0.02,64,161792,sell
13:00:03,25.3,+2.89,0.0,1300,3289582,sell
13:00:00,25.3,+2.89,-0.01,70,179048,sell
11:30:00,25.31,+2.93,0.01,304,769424,buy
11:29:57,25.3,+2.89,0.0,6,15180,sell
11:29:54,25.3,+2.89,0.0,3,7590,sell
11:29:51,25.3,+2.89,0.01,272,688160,buy
11:29:48,25.29,+2.85,0.0,36,91044,sell
11:29:45,25.29,+2.85,-0.01,5,12645,sell
11:29:42,25.3,+2.89,0.0,3,7590,buy
11:29:39,25.3,+2.89,0.02,1,2530,buy
11:29:36,25.28,+2.81,-0.02,23,58144,sell
11:29:33,25.3,+2.89,0.0,4,10120,buy
11:29:27,25.3,+2.89,0.02,11,27830,buy
11:29:24,25.28,+2.81,-0.02,14,35392,sell
11:29:21,25.3,+2.89,-0.01,83,209990,sell
11:29:18,25.31,+2.93,0.01,46,116426,sell
11:29:15,25.3,+2.89,0.0,78,197340,sell
11:29:12,25.3,+2.89,0.0,65,164450,sell
11:29:09,25.3,+2.89,-0.01,33,83490,sell
11:29:06,25.31,+2.93,0.01,9,22779,buy
11:29:03,25.3,+2.89,0.0,16,40480,sell
11:29:00,25.3,+2.89,0.0,167,422510,sell
11:28:57,25.3,+2.89,0.0,46,116380,sell
11:28:54,25.3,+2.89,0.0,152,384560,buy
11:28:51,25.3,+2.89,0.0,37,93610,buy
11:28:45,25.3,+2.89,-0.02,18,45540,buy
11:28:42,25.32,+2.97,0.02,2,5064,buy
11:28:39,25.3,+2.89,0.0,69,174570,buy
11:28:36,25.3,+2.89,-0.01,23,58190,sell
11:28:33,25.31,+2.93,0.0,1,2531,buy
11:28:30,25.31,+2.93,-0.02,9,22779,sell
11:28:27,25.33,+3.01,0.01,4,10132,buy
11:28:24,25.32,+2.97,0.0,1,2532,buy
11:28:21,25.32,+2.97,0.0,29,73934,sell
11:28:18,25.32,+2.97,0.0,289,731748,sell
11:28:15,25.32,+2.97,0.0,15,37980,sell
11:28:12,25.32,+2.97,-0.01,51,129132,sell
11:28:09,25.33,+3.01,0.0,6,15198,buy
11:28:06,25.33,+3.01,0.0,9,22797,buy
11:28:03,25.33,+3.01,0.0,40,101320,buy
11:28:00,25.33,+3.01,0.0,282,714306,sell
11:27:57,25.33,+3.01,0.0,167,423011,sell
11:27:54,25.33,+3.01,0.0,623,1578059,sell
11:27:51,25.33,+3.01,0.0,9,22797,sell
11:27:48,25.33,+3.01,0.0,68,172244,sell
11:27:45,25.33,+3.01,0.0,150,379950,sell
11:27:42,25.33,+3.01,0.0,90,227970,sell
11:27:39,25.33,+3.01,0.0,29,73457,sell
11:27:36,25.33,+3.01,-0.01,394,998002,sell
11:27:33,25.34,+3.05,0.0,13,32942,buy
11:27:33,25.34,+3.05,0.0,13,32942,norm
11:27:33,25.34,+3.05,0.01,13,32942,buy
11:27:30,25.33,+3.01,0.0,18,45594,sell
11:27:27,25.33,+3.01,-0.01,203,514199,sell
11:27:24,25.34,+3.05,0.0,302,765268,buy
11:27:21,25.34,+3.05,0.0,66,167244,buy
11:27:18,25.34,+3.05,0.0,113,286342,buy
11:27:15,25.34,+3.05,0.0,34,86156,buy
11:27:12,25.34,+3.05,-0.01,99,250866,buy
11:27:09,25.35,+3.09,0.01,54,136890,buy
11:27:06,25.34,+3.05,-0.01,29,73486,sell
11:27:03,25.35,+3.09,0.01,38,96330,buy
11:27:00,25.34,+3.05,0.0,32,81088,sell
11:26:57,25.34,+3.05,-0.01,186,471324,sell
11:26:54,25.35,+3.09,0.02,26,65910,buy
11:26:51,25.33,+3.01,0.0,21,53193,sell
11:26:48,25.33,+3.01,0.0,108,273564,sell
11:26:45,25.33,+3.01,0.0,244,618052,buy
11:26:42,25.33,+3.01,0.01,674,1707242,buy
11:26:39,25.32,+2.97,-0.01,192,486144,sell
11:26:36,25.33,+3.01,0.01,110,278630,buy
11:26:33,25.32,+2.97,0.0,27,68364,sell
11:26:30,25.32,+2.97,0.0,7,17724,sell
11:26:27,25.32,+2.97,0.01,19,50134,buy
11:26:24,25.31,+2.93,-0.01,17,43027,sell
11:26:21,25.32,+2.97,0.0,23,58236,buy
11:26:18,25.32,+2.97,0.01,19,48311,buy
11:26:15,25.31,+2.93,0.0,48,121488,sell
11:26:12,25.31,+2.93,-0.01,48,121488,sell
11:26:09,25.32,+2.97,0.02,18,45576,buy
11:26:06,25.3,+2.89,0.0,851,2153030,sell
11:26:03,25.3,+2.89,0.0,12,30360,sell
11:26:00,25.3,+2.89,0.0,670,1695125,buy
11:25:57,25.3,+2.89,0.0,156,394680,buy
11:25:54,25.3,+2.89,0.01,78,197340,buy
11:25:51,25.29,+2.85,-0.01,2,5058,sell
11:25:48,25.3,+2.89,0.0,12,30360,buy
11:25:45,25.3,+2.89,0.01,51,129030,buy
11:25:42,25.29,+2.85,-0.01,23,58167,sell
11:25:39,25.3,+2.89,0.02,9,22770,buy
11:25:36,25.28,+2.81,0.0,385,973280,sell
11:25:33,25.28,+2.81,0.0,12,30336,sell
11:25:30,25.28,+2.81,0.0,18,45504,sell
11:25:27,25.28,+2.81,0.01,33,83424,buy
11:25:24,25.27,+2.77,-0.01,39,98553,sell
11:25:21,25.28,+2.81,-0.01,5,12640,norm
11:25:18,25.29,+2.85,0.01,153,386937,buy
11:25:15,25.28,+2.81,0.0,19,48032,sell
11:25:12,25.28,+2.81,0.0,11,27808,sell
11:25:06,25.28,+2.81,0.01,27,68256,buy
11:25:03,25.27,+2.77,-0.01,26,65702,sell
11:25:00,25.28,+2.81,0.0,31,78368,buy
11:24:57,25.28,+2.81,0.0,1,2528,buy
11:24:54,25.28,+2.81,0.01,1,2528,buy
11:24:51,25.27,+2.77,0.0,1,2527,sell
11:24:48,25.27,+2.77,0.0,16,40432,sell
11:24:42,25.27,+2.77,-0.01,6,15162,sell
11:24:39,25.28,+2.81,0.01,31,78368,buy
11:24:36,25.27,+2.77,-0.01,38,96026,sell
11:24:33,25.28,+2.81,0.0,2,5056,buy
11:24:30,25.28,+2.81,0.0,55,139040,buy
11:24:27,25.28,+2.81,0.0,1,2528,buy
11:24:24,25.28,+2.81,0.0,11,27808,buy
11:24:24,25.28,+2.81,0.0,11,27808,norm
11:24:24,25.28,+2.81,-0.02,11,27808,buy
11:24:21,25.3,+2.89,0.02,2218,5611540,buy
11:24:18,25.28,+2.81,0.0,545,1377760,sell
11:24:15,25.28,+2.81,-0.01,30,75840,sell
11:24:12,25.29,+2.85,0.01,6,15174,buy
11:24:06,25.28,+2.81,0.0,65,164320,sell
11:24:03,25.28,+2.81,0.0,3,7584,sell
11:24:00,25.28,+2.81,0.0,37,93536,sell
11:23:57,25.28,+2.81,0.0,25,63200,sell
11:23:54,25.28,+2.81,0.0,11,27808,sell
11:23:51,25.28,+2.81,0.0,3,7584,sell
11:23:48,25.28,+2.81,0.01,1694,4282432,buy
11:23:45,25.27,+2.77,-0.01,10,25270,sell
11:23:42,25.28,+2.81,0.01,61,154208,buy
11:23:39,25.27,+2.77,0.0,19,48013,sell
11:23:36,25.27,+2.77,0.0,106,267862,sell
11:23:33,25.27,+2.77,0.0,7,17689,sell
11:23:27,25.27,+2.77,0.0,1,2527,sell
11:23:24,25.27,+2.77,0.0,13,32851,sell
11:23:21,25.27,+2.77,0.0,30,75810,sell
11:23:18,25.27,+2.77,0.0,142,358834,sell
11:23:15,25.27,+2.77,0.0,33,83391,sell
11:23:12,25.27,+2.77,-0.01,102,257754,sell
11:23:09,25.28,+2.81,0.01,108,273024,buy
11:23:06,25.27,+2.77,-0.01,27,68229,sell
11:23:03,25.28,+2.81,0.0,4,10112,buy
11:23:00,25.28,+2.81,0.0,18,45504,buy
11:22:57,25.28,+2.81,0.01,14,35392,buy
11:22:54,25.27,+2.77,-0.01,11,27797,sell
11:22:51,25.28,+2.81,0.01,15,37920,buy
11:22:48,25.27,+2.77,-0.01,22,55594,sell
11:22:45,25.28,+2.81,0.0,3,7584,buy
11:22:42,25.28,+2.81,0.0,10,25280,buy
11:22:39,25.28,+2.81,0.01,16,40448,buy
11:22:36,25.27,+2.77,0.0,39,98553,sell
11:22:33,25.27,+2.77,-0.01,8,20216,sell
11:22:30,25.28,+2.81,-0.01,49,123872,sell
11:22:24,25.29,+2.85,0.01,18,45522,buy
11:22:21,25.28,+2.81,0.0,130,328640,sell
11:22:15,25.28,+2.81,-0.01,26,65728,sell
11:22:12,25.29,+2.85,0.01,11,27819,buy
11:22:09,25.28,+2.81,-0.01,25,63200,sell
11:22:06,25.29,+2.85,0.01,9,22761,buy
11:22:03,25.28,+2.81,-0.01,113,285664,sell
11:22:00,25.29,+2.85,0.0,6,15174,buy
11:21:57,25.29,+2.85,0.01,105,265545,buy
11:21:54,25.28,+2.81,0.0,129,326112,sell
11:21:51,25.28,+2.81,0.0,1,2528,sell
11:21:48,25.28,+2.81,0.0,54,136512,sell
11:21:45,25.28,+2.81,0.0,331,836768,sell
11:21:42,25.28,+2.81,0.0,74,187072,sell
11:21:39,25.28,+2.81,-0.01,6,15168,sell
11:21:36,25.29,+2.85,0.01,31,78399,buy
11:21:33,25.28,+2.81,0.0,69,174432,sell
11:21:30,25.28,+2.81,0.0,12,30336,sell
11:21:27,25.28,+2.81,-0.01,3,7584,sell
11:21:24,25.29,+2.85,0.0,1,2529,buy
11:21:21,25.29,+2.85,0.01,22,55638,buy
11:21:18,25.28,+2.81,0.0,16,40448,sell
11:21:15,25.28,+2.81,0.0,142,358976,norm
11:21:15,25.28,+2.81,-0.01,142,358976,sell
11:21:12,25.29,+2.85,0.01,10,25290,buy
11:21:09,25.28,+2.81,0.0,10,25280,sell
11:21:06,25.28,+2.81,-0.01,11,27808,sell
11:21:03,25.29,+2.85,0.01,24,60696,buy
11:21:00,25.28,+2.81,-0.01,20,50560,sell
11:20:57,25.29,+2.85,0.01,12,30348,buy
11:20:54,25.28,+2.81,0.0,35,88480,sell
11:20:51,25.28,+2.81,0.0,15,37920,sell
11:20:48,25.28,+2.81,0.0,22,55616,sell
11:20:45,25.28,+2.81,0.0,38,96064,sell
11:20:42,25.28,+2.81,0.0,9,22752,sell
11:20:39,25.28,+2.81,-0.01,1,2528,sell
11:20:36,25.29,+2.85,0.01,27,68283,buy
11:20:33,25.28,+2.81,0.0,8,20224,sell
11:20:27,25.28,+2.81,-0.01,44,111232,sell
11:20:24,25.29,+2.85,0.0,8,20232,buy
11:20:21,25.29,+2.85,0.01,93,235197,buy
11:20:18,25.28,+2.81,-0.01,20,50560,sell
11:20:15,25.29,+2.85,0.01,25,65729,buy
11:20:12,25.28,+2.81,0.0,57,144121,buy
11:20:09,25.28,+2.81,0.0,77,194656,buy
11:20:06,25.28,+2.81,0.0,20,50560,buy
11:20:03,25.28,+2.81,0.0,9,22752,buy
11:20:00,25.28,+2.81,0.0,12,30336,buy
11:19:57,25.28,+2.81,0.01,26,65728,buy
11:19:54,25.27,+2.77,-0.01,15,37905,sell
11:19:51,25.28,+2.81,0.01,24,60672,buy
11:19:48,25.27,+2.77,0.0,22,55594,sell
11:19:45,25.27,+2.77,0.0,9,22743,sell
11:19:42,25.27,+2.77,0.0,13,32851,sell
11:19:36,25.27,+2.77,0.01,16,40432,norm
11:19:33,25.26,+2.72,-0.01,33,83358,sell
11:19:30,25.27,+2.77,0.0,201,507927,sell
11:19:27,25.27,+2.77,-0.01,10,25270,sell
11:19:24,25.28,+2.81,0.02,48,121344,buy
11:19:21,25.26,+2.72,0.0,28,70728,sell
