time,price,pchange,change,volume,amount,type
15:00:03,11.05,+2.22,0.01,16259,17966615,buy
14:57:00,11.04,+2.13,-0.01,268,295872,sell
14:56:57,11.05,+2.22,0.01,701,774605,buy
14:56:54,11.04,+2.13,0.0,480,529920,norm
14:56:54,11.04,+2.13,0.0,480,529920,sell
14:56:51,11.04,+2.13,-0.01,873,963792,sell
14:56:48,11.05,+2.22,0.0,609,672945,buy
14:56:45,11.05,+2.22,0.0,1257,1388985,buy
14:56:42,11.05,+2.22,0.0,58,64090,buy
14:56:39,11.05,+2.22,0.01,478,528190,buy
14:56:36,11.04,+2.13,-0.01,245,270480,sell
14:56:33,11.05,+2.22,0.0,198,218790,buy
14:56:30,11.05,+2.22,0.01,486,537030,buy
14:56:27,11.04,+2.13,-0.01,319,352176,sell
14:56:24,11.05,+2.22,0.01,599,661895,buy
14:56:21,11.04,+2.13,0.0,338,373152,sell
14:56:18,11.04,+2.13,-0.01,224,247296,sell
14:56:15,11.05,+2.22,0.01,424,468520,buy
14:56:12,11.04,+2.13,-0.01,121,133584,sell
14:56:09,11.05,+2.22,0.0,212,234260,buy
14:56:06,11.05,+2.22,0.01,180,198900,buy
14:56:03,11.04,+2.13,0.0,81,89645,sell
14:56:00,11.04,+2.13,-0.01,43,47472,sell
14:55:57,11.05,+2.22,0.0,98,108290,buy
14:55:54,11.05,+2.22,0.01,711,785655,buy
14:55:51,11.04,+2.13,0.0,395,436080,buy
14:55:48,11.04,+2.13,-0.01,404,446016,sell
14:55:45,11.05,+2.22,0.0,1331,1470755,buy
14:55:42,11.05,+2.22,0.0,995,1099917,sell
14:55:39,11.05,+2.22,0.0,166,184093,buy
14:55:36,11.05,+2.22,0.01,171,188955,buy
14:55:33,11.04,+2.13,-0.01,4266,4709664,sell
14:55:30,11.05,+2.22,0.0,212,234260,sell
14:55:27,11.05,+2.22,0.0,116,128180,sell
14:55:24,11.05,+2.22,0.0,329,363545,sell
14:55:21,11.05,+2.22,0.0,241,266305,sell
14:55:18,11.05,+2.22,0.0,457,505317,buy
14:55:15,11.05,+2.22,0.0,357,395148,buy
14:55:12,11.05,+2.22,0.0,646,713830,buy
14:55:09,11.05,+2.22,0.01,440,486200,buy
14:55:06,11.04,+2.13,-0.01,114,125856,sell
14:55:03,11.05,+2.22,0.01,451,498355,buy
14:55:00,11.04,+2.13,-0.01,158,174432,sell
14:54:57,11.05,+2.22,0.01,183,202215,buy
14:54:54,11.04,+2.13,0.0,67,73968,sell
14:54:51,11.04,+2.13,0.0,719,793776,buy
14:54:48,11.04,+2.13,-0.01,219,241964,sell
14:54:45,11.05,+2.22,0.01,309,341445,buy
14:54:42,11.04,+2.13,-0.01,91,100464,sell
14:54:39,11.05,+2.22,0.01,335,370175,buy
14:54:36,11.04,+2.13,-0.01,68,75072,sell
14:54:33,11.05,+2.22,0.0,19,20995,buy
14:54:30,11.05,+2.22,0.0,3269,3612245,sell
14:54:27,11.05,+2.22,-0.01,295,325975,sell
14:54:24,11.06,+2.31,0.01,1001,1107106,buy
14:54:21,11.05,+2.22,-0.01,299,330395,sell
14:54:18,11.06,+2.31,0.01,642,710052,buy
14:54:15,11.05,+2.22,0.0,668,738140,sell
14:54:12,11.05,+2.22,-0.01,329,363545,sell
14:54:09,11.06,+2.31,0.01,41,45346,buy
14:54:06,11.05,+2.22,-0.01,54,59670,sell
14:54:03,11.06,+2.31,0.0,57,63042,buy
14:54:00,11.06,+2.31,0.0,105,116130,buy
14:53:57,11.06,+2.31,0.0,433,479119,sell
14:53:54,11.06,+2.31,-0.01,147,162582,sell
14:53:51,11.07,+2.41,0.0,111,122877,buy
14:53:48,11.07,+2.41,0.0,414,458519,norm
14:53:48,11.07,+2.41,0.01,414,458519,buy
14:53:45,11.06,+2.31,0.0,272,300832,sell
14:53:42,11.06,+2.31,0.01,94,103964,norm
14:53:39,11.05,+2.22,-0.02,217,239785,sell
14:53:36,11.07,+2.41,0.01,198,219186,buy
14:53:33,11.06,+2.31,0.0,269,297514,sell
14:53:30,11.06,+2.31,-0.01,5169,5716914,sell
14:53:27,11.07,+2.41,0.0,1309,1449063,buy
14:53:24,11.07,+2.41,0.01,247,273429,buy
14:53:21,11.06,+2.31,0.0,4142,4581716,sell
14:53:18,11.06,+2.31,-0.01,105,116130,sell
14:53:15,11.07,+2.41,0.01,1199,1327293,buy
14:53:12,11.06,+2.31,0.0,1705,1885730,sell
14:53:09,11.06,+2.31,0.0,133,147098,sell
14:53:06,11.06,+2.31,0.0,362,400372,sell
14:53:03,11.06,+2.31,0.0,148,163688,sell
14:53:00,11.06,+2.31,-0.01,333,368298,sell
14:52:57,11.07,+2.41,0.01,437,483759,buy
14:52:54,11.06,+2.31,0.0,97,107282,sell
14:52:51,11.06,+2.31,-0.01,417,461202,sell
14:52:48,11.07,+2.41,0.0,136,150552,buy
14:52:45,11.07,+2.41,0.01,229,253503,buy
14:52:42,11.06,+2.31,-0.01,371,410326,sell
14:52:39,11.07,+2.41,0.0,1076,1191132,buy
14:52:36,11.07,+2.41,0.0,922,1020654,buy
14:52:33,11.07,+2.41,0.0,74,81918,buy
14:52:30,11.07,+2.41,0.01,174,192618,buy
14:52:27,11.06,+2.31,0.0,218,241108,sell
14:52:24,11.06,+2.31,-0.01,335,370952,sell
14:52:21,11.07,+2.41,0.0,104,115128,buy
14:52:18,11.07,+2.41,0.0,120,132840,buy
14:52:15,11.07,+2.41,-0.01,117,130205,sell
14:52:12,11.08,+2.50,0.01,1234,1367272,buy
14:52:09,11.07,+2.41,0.0,203,224721,sell
14:52:06,11.07,+2.41,0.0,745,824914,sell
14:52:03,11.07,+2.41,0.0,98,108707,sell
14:52:00,11.07,+2.41,0.0,385,426195,sell
14:51:57,11.07,+2.41,0.0,92,101844,sell
14:51:54,11.07,+2.41,0.0,57,63099,sell
14:51:51,11.07,+2.41,0.0,139,153873,sell
14:51:48,11.07,+2.41,0.0,93,102951,sell
14:51:45,11.07,+2.41,0.0,235,260145,buy
14:51:42,11.07,+2.41,0.0,216,239112,buy
14:51:39,11.07,+2.41,0.0,325,359775,buy
14:51:36,11.07,+2.41,0.0,368,408361,sell
14:51:33,11.07,+2.41,0.0,349,387007,sell
14:51:30,11.07,+2.41,0.0,134,148338,sell
14:51:27,11.07,+2.41,-0.01,15,17048,sell
14:51:24,11.08,+2.50,0.01,1106,1225570,buy
14:51:21,11.07,+2.41,0.0,297,328779,buy
14:51:18,11.07,+2.41,-0.01,1919,2125097,sell
14:51:15,11.08,+2.50,0.01,261,289188,buy
14:51:12,11.07,+2.41,0.0,301,333207,sell
14:51:09,11.07,+2.41,0.0,296,327672,sell
14:51:06,11.07,+2.41,0.0,371,410697,sell
14:51:03,11.07,+2.41,0.0,344,381694,sell
14:51:00,11.07,+2.41,-0.01,337,373059,sell
14:50:57,11.08,+2.50,0.01,302,334616,buy
14:50:54,11.07,+2.41,0.0,376,416232,sell
14:50:51,11.07,+2.41,0.0,114,126198,sell
14:50:48,11.07,+2.41,0.0,597,660879,sell
14:50:45,11.07,+2.41,0.0,281,311731,sell
14:50:42,11.07,+2.41,0.0,94,104058,norm
14:50:42,11.07,+2.41,0.0,94,104058,sell
14:50:39,11.07,+2.41,0.0,191,211437,sell
14:50:36,11.07,+2.41,0.0,473,524618,buy
14:50:33,11.07,+2.41,0.01,578,639846,buy
14:50:30,11.06,+2.31,-0.01,187,206822,sell
14:50:27,11.07,+2.41,0.01,75,83025,buy
14:50:24,11.06,+2.31,-0.01,422,466732,sell
14:50:21,11.07,+2.41,0.01,196,216972,buy
14:50:18,11.06,+2.31,0.0,642,710052,sell
14:50:15,11.06,+2.31,0.0,393,434658,sell
14:50:12,11.06,+2.31,-0.01,796,880376,sell
14:50:09,11.07,+2.41,0.01,412,456084,buy
14:50:06,11.06,+2.31,0.0,265,293090,sell
14:50:03,11.06,+2.31,0.0,136,150416,sell
14:50:00,11.06,+2.31,-0.01,143,158158,sell
14:49:57,11.07,+2.41,0.0,1009,1116963,sell
14:49:54,11.07,+2.41,0.0,1454,1609578,sell
14:49:51,11.07,+2.41,0.0,386,427302,sell
14:49:48,11.07,+2.41,0.0,158,174906,sell
14:49:45,11.07,+2.41,0.0,251,277857,sell
14:49:42,11.07,+2.41,-0.01,380,420660,sell
14:49:39,11.08,+2.50,0.0,147,162876,buy
14:49:36,11.08,+2.50,0.0,74,81992,buy
14:49:33,11.08,+2.50,0.0,1025,1136254,sell
14:49:30,11.08,+2.50,0.0,456,505248,sell
14:49:27,11.08,+2.50,0.0,2332,2583856,sell
14:49:24,11.08,+2.50,0.0,245,271792,sell
14:49:21,11.08,+2.50,0.0,611,676988,sell
14:49:18,11.08,+2.50,-0.01,147,162876,sell
14:49:15,11.09,+2.59,0.01,68,75412,buy
14:49:12,11.08,+2.50,-0.01,155,171740,sell
14:49:09,11.09,+2.59,0.0,826,916256,sell
14:49:06,11.09,+2.59,-0.01,267,296103,sell
14:49:03,11.1,+2.68,0.01,1103,1224552,buy
14:49:00,11.09,+2.59,-0.01,434,481971,sell
14:48:57,11.1,+2.68,0.01,266,295260,buy
14:48:54,11.09,+2.59,-0.01,139,154151,norm
14:48:51,11.1,+2.68,0.01,3204,3556440,buy
14:48:48,11.09,+2.59,0.01,287,318283,buy
14:48:45,11.08,+2.50,-0.01,473,524306,sell
14:48:42,11.09,+2.59,0.0,1054,1169108,buy
14:48:39,11.09,+2.59,0.01,172,190748,buy
14:48:36,11.08,+2.50,-0.01,909,1007172,sell
14:48:33,11.09,+2.59,0.0,746,827314,sell
14:48:30,11.09,+2.59,0.0,647,717523,buy
14:48:27,11.09,+2.59,0.0,198,219582,buy
14:48:24,11.09,+2.59,0.0,1619,1796181,sell
14:48:21,11.09,+2.59,0.0,99,110235,sell
14:48:18,11.09,+2.59,-0.01,768,852377,sell
14:48:15,11.1,+2.68,0.01,584,648240,buy
14:48:12,11.09,+2.59,-0.01,704,780736,sell
14:48:09,11.1,+2.68,0.01,398,442180,buy
14:48:06,11.09,+2.59,-0.01,103,114227,sell
14:48:03,11.1,+2.68,0.02,955,1060050,buy
14:48:00,11.08,+2.50,-0.02,306,339048,sell
14:47:57,11.1,+2.68,0.01,83,92130,buy
14:47:54,11.09,+2.59,0.0,59,65431,sell
14:47:51,11.09,+2.59,-0.01,273,302757,sell
14:47:48,11.1,+2.68,0.01,79,87690,buy
14:47:45,11.09,+2.59,0.0,102,113118,sell
14:47:42,11.09,+2.59,0.01,1779,1972911,buy
14:47:39,11.08,+2.50,-0.01,328,363424,sell
14:47:36,11.09,+2.59,-0.01,80,89607,norm
14:47:36,11.09,+2.59,0.0,80,89607,buy
14:47:33,11.09,+2.59,0.0,1011,1121199,buy
14:47:30,11.09,+2.59,0.01,1066,1182194,buy
14:47:27,11.08,+2.50,-0.01,147,162876,norm
14:47:24,11.09,+2.59,0.01,1084,1202411,buy
14:47:21,11.08,+2.50,0.0,141,156228,sell
14:47:18,11.08,+2.50,0.0,2561,2838441,buy
14:47:15,11.08,+2.50,0.0,117,129891,sell
14:47:12,11.08,+2.50,-0.01,291,322650,sell
14:47:09,11.09,+2.59,0.01,1309,1452568,buy
14:47:06,11.08,+2.50,0.0,1170,1296360,sell
14:47:03,11.08,+2.50,0.0,150,166200,sell
14:47:00,11.08,+2.50,0.0,773,856484,sell
14:46:57,11.08,+2.50,0.0,1335,1479180,sell
14:46:54,11.08,+2.50,0.0,924,1023792,sell
14:46:51,11.08,+2.50,-0.01,272,301376,sell
14:46:48,11.09,+2.59,0.0,31,34379,buy
14:46:45,11.09,+2.59,0.0,93,103991,buy
14:46:42,11.09,+2.59,0.0,766,849749,sell
14:46:39,11.09,+2.59,0.0,788,873892,sell
14:46:36,11.09,+2.59,-0.01,402,445818,sell
14:46:33,11.1,+2.68,0.01,606,672660,buy
14:46:30,11.09,+2.59,0.0,364,403676,sell
14:46:27,11.09,+2.59,0.0,468,519012,sell
14:46:24,11.09,+2.59,-0.01,65,72085,sell
14:46:21,11.1,+2.68,0.01,365,405150,buy
14:46:18,11.09,+2.59,-0.01,202,224018,sell
14:46:15,11.1,+2.68,0.01,75,83250,buy
14:46:12,11.09,+2.59,-0.01,604,669836,sell
14:46:09,11.1,+2.68,0.0,2258,2506380,buy
14:46:06,11.1,+2.68,0.0,177,196470,buy
14:46:03,11.1,+2.68,0.0,1711,1899210,sell
14:46:00,11.1,+2.68,0.0,2049,2275278,sell
14:45:57,11.1,+2.68,0.01,970,1077544,buy
14:45:54,11.09,+2.59,0.0,716,794044,sell
14:45:51,11.09,+2.59,-0.01,82,91825,sell
14:45:48,11.1,+2.68,0.0,1314,1458540,sell
14:45:45,11.1,+2.68,0.0,3258,3616602,buy
14:45:42,11.1,+2.68,0.0,502,557220,buy
14:45:39,11.1,+2.68,0.0,645,715950,buy
14:45:36,11.1,+2.68,0.0,4885,5423238,sell
14:45:33,11.1,+2.68,0.0,592,657120,sell
14:45:30,11.1,+2.68,0.0,182,202020,sell
14:45:27,11.1,+2.68,-0.01,3019,3351090,sell
14:45:24,11.11,+2.78,0.0,117,129987,buy
14:45:21,11.11,+2.78,0.0,47,52217,buy
14:45:18,11.11,+2.78,-0.01,6355,7060627,sell
14:45:15,11.12,+2.87,0.01,749,832888,buy
14:45:12,11.11,+2.78,-0.01,51,56661,sell
14:45:09,11.12,+2.87,-0.01,2734,3040208,sell
14:45:06,11.13,+2.96,0.01,550,612150,buy
14:45:03,11.12,+2.87,-0.01,643,715016,sell
14:45:00,11.13,+2.96,0.0,770,857010,buy
14:44:57,11.13,+2.96,0.0,320,356160,buy
14:44:54,11.13,+2.96,0.0,551,613263,buy
14:44:51,11.13,+2.96,0.0,441,490833,buy
14:44:48,11.13,+2.96,0.0,3466,3858103,buy
14:44:45,11.13,+2.96,0.0,1116,1242108,sell
14:44:42,11.13,+2.96,0.01,1306,1453578,buy
14:44:39,11.12,+2.87,0.0,342,380304,sell
14:44:36,11.12,+2.87,-0.01,3666,4076592,sell
14:44:33,11.13,+2.96,0.01,347,386211,buy
14:44:30,11.12,+2.87,0.0,503,559336,norm
14:44:30,11.12,+2.87,0.0,503,559336,sell
14:44:27,11.12,+2.87,0.0,1280,1423360,sell
14:44:24,11.12,+2.87,0.0,230,255760,sell
14:44:21,11.12,+2.87,0.0,686,762832,sell
14:44:18,11.12,+2.87,0.01,5197,5779509,buy
14:44:15,11.11,+2.78,-0.01,543,603273,sell
14:44:12,11.12,+2.87,0.0,5396,6000352,buy
14:44:09,11.12,+2.87,0.01,3856,4288973,buy
14:44:06,11.11,+2.78,0.0,633,703485,buy
14:44:03,11.11,+2.78,0.01,467,518837,buy
14:44:00,11.1,+2.68,-0.01,633,702630,sell
14:43:57,11.11,+2.78,0.0,409,454843,buy
14:43:54,11.11,+2.78,0.01,474,526614,buy
14:43:51,11.1,+2.68,0.0,882,979031,sell
14:43:48,11.1,+2.68,0.0,322,357420,sell
14:43:45,11.1,+2.68,0.0,919,1020756,buy
14:43:42,11.1,+2.68,0.0,567,629370,buy
14:43:39,11.1,+2.68,0.0,387,430247,buy
14:43:36,11.1,+2.68,0.0,1340,1487400,buy
14:43:33,11.1,+2.68,-0.01,743,824730,sell
14:43:30,11.11,+2.78,0.02,838,931018,buy
14:43:27,11.09,+2.59,0.0,1393,1545502,sell
14:43:24,11.09,+2.59,0.0,1350,1497150,buy
14:43:21,11.09,+2.59,0.0,715,792935,buy
14:43:18,11.09,+2.59,0.01,321,356865,buy
14:43:15,11.08,+2.50,0.0,52,57616,sell
14:43:12,11.08,+2.50,0.01,155,171740,buy
14:43:09,11.07,+2.41,-0.01,10287,11387709,sell
14:43:06,11.08,+2.50,-0.01,321,355934,buy
14:43:03,11.09,+2.59,0.02,8776,9732584,buy
14:43:00,11.07,+2.41,0.01,1187,1314009,buy
14:42:57,11.06,+2.31,-0.01,361,399266,sell
14:42:54,11.07,+2.41,0.0,3828,4237596,buy
14:42:51,11.07,+2.41,0.0,206,228983,buy
14:42:48,11.07,+2.41,0.0,5335,5905845,buy
14:42:45,11.07,+2.41,0.01,560,619920,buy
14:42:42,11.06,+2.31,0.0,298,329588,sell
14:42:39,11.06,+2.31,-0.01,181,200186,sell
14:42:36,11.07,+2.41,0.01,363,401841,buy
14:42:33,11.06,+2.31,0.0,867,958902,sell
14:42:30,11.06,+2.31,0.0,3738,4135290,buy
14:42:27,11.06,+2.31,0.01,296,327376,buy
14:42:24,11.05,+2.22,0.0,59,65195,sell
14:42:21,11.05,+2.22,0.0,7557,8351170,buy
14:42:18,11.05,+2.22,0.0,2656,2934880,buy
14:42:15,11.05,+2.22,0.01,439,485095,buy
14:42:12,11.04,+2.13,0.0,470,518880,sell
14:42:09,11.04,+2.13,0.0,3190,3522202,buy
14:42:06,11.04,+2.13,0.01,899,992496,buy
14:42:03,11.03,+2.04,0.0,10527,11611281,sell
14:42:00,11.03,+2.04,0.0,477,526131,sell
14:41:57,11.03,+2.04,-0.01,1596,1760388,sell
14:41:54,11.04,+2.13,0.0,281,310224,buy
14:41:51,11.04,+2.13,0.01,513,567014,buy
14:41:48,11.03,+2.04,0.0,387,426861,sell
14:41:45,11.03,+2.04,0.0,211,233395,sell
14:41:42,11.03,+2.04,0.0,1233,1360054,buy
14:41:39,11.03,+2.04,0.0,665,733495,buy
14:41:36,11.03,+2.04,0.01,156,172068,buy
14:41:33,11.02,+1.94,0.0,193,212686,sell
14:41:30,11.02,+1.94,0.0,667,735034,sell
14:41:27,11.02,+1.94,0.01,6199,6831298,buy
14:41:24,11.01,+1.85,0.0,61,67161,norm
14:41:24,11.01,+1.85,0.0,61,67161,sell
14:41:21,11.01,+1.85,-0.01,259,285159,norm
14:41:18,11.02,+1.94,0.0,243,267786,buy
14:41:15,11.02,+1.94,0.0,60,66120,buy
14:41:12,11.02,+1.94,0.01,153,169124,buy
14:41:09,11.01,+1.85,-0.01,72,79272,sell
14:41:06,11.02,+1.94,0.0,768,846777,buy
14:41:03,11.02,+1.94,0.0,82,90364,buy
14:41:00,11.02,+1.94,0.0,5167,5694519,buy
14:40:57,11.02,+1.94,0.01,623,686546,buy
14:40:54,11.01,+1.85,0.0,110,121110,sell
14:40:51,11.01,+1.85,0.0,3604,3968103,buy
14:40:48,11.01,+1.85,0.01,126,138726,buy
14:40:45,11.0,+1.76,0.0,245,269500,sell
14:40:42,11.0,+1.76,0.0,114,126060,sell
14:40:39,11.0,+1.76,0.0,693,762410,buy
14:40:36,11.0,+1.76,0.0,6104,6714400,buy
14:40:33,11.0,+1.76,0.01,101,111100,buy
14:40:30,10.99,+1.67,0.0,41,45059,sell
14:40:27,10.99,+1.67,0.01,149,163751,buy
14:40:24,10.98,+1.57,0.0,34,37332,sell
14:40:21,10.98,+1.57,0.0,189,207522,sell
14:40:18,10.98,+1.57,-0.01,379,416142,sell
14:40:15,10.99,+1.67,0.0,25,27475,buy
14:40:12,10.99,+1.67,0.01,4,4396,buy
14:40:09,10.98,+1.57,-0.01,274,300852,sell
14:40:06,10.99,+1.67,0.01,505,554995,buy
14:40:03,10.98,+1.57,0.0,346,379908,sell
14:40:00,10.98,+1.57,0.0,471,517158,sell
14:39:57,10.98,+1.57,0.0,5,5490,sell
14:39:54,10.98,+1.57,-0.01,53,58194,sell
14:39:51,10.99,+1.67,0.01,161,176939,buy
14:39:48,10.98,+1.57,0.0,67,73566,sell
14:39:45,10.98,+1.57,-0.01,134,147791,sell
14:39:42,10.99,+1.67,0.01,160,175840,buy
14:39:39,10.98,+1.57,0.0,30,32940,sell
14:39:36,10.98,+1.57,0.0,60,65880,sell
14:39:33,10.98,+1.57,-0.01,110,120780,sell
14:39:30,10.99,+1.67,0.0,613,673687,sell
14:39:27,10.99,+1.67,0.0,50,54950,sell
14:39:24,10.99,+1.67,0.01,3145,3456355,buy
14:39:21,10.98,+1.57,0.0,38,41724,sell
14:39:18,10.98,+1.57,0.0,82,90036,sell
14:39:15,10.98,+1.57,-0.01,75,82350,sell
14:39:12,10.99,+1.67,0.0,22,24178,buy
14:39:09,10.99,+1.67,0.0,149,163751,buy
14:39:06,10.99,+1.67,0.0,82,90118,buy
14:39:03,10.99,+1.67,0.0,26,28574,buy
14:39:00,10.99,+1.67,-0.01,320,351680,sell
14:38:57,11.0,+1.76,0.01,153,168300,buy
14:38:54,10.99,+1.67,0.0,307,337393,buy
14:38:51,10.99,+1.67,0.01,21,23079,buy
14:38:48,10.98,+1.57,0.0,49,53802,sell
14:38:45,10.98,+1.57,-0.01,34,37332,sell
14:38:42,10.99,+1.67,0.0,2426,2666174,buy
14:38:39,10.99,+1.67,0.01,50,54950,buy
14:38:33,10.98,+1.57,-0.02,453,497394,sell
14:38:30,11.0,+1.76,0.01,539,592900,buy
14:38:27,10.99,+1.67,0.0,328,360472,sell
14:38:24,10.99,+1.67,0.0,179,196721,sell
14:38:21,10.99,+1.67,0.0,81,89019,sell
14:38:18,10.99,+1.67,0.0,76,83524,norm
14:38:18,10.99,+1.67,0.01,76,83524,buy
14:38:15,10.98,+1.57,-0.01,5200,5709600,sell
14:38:12,10.99,+1.67,-0.01,86,94514,sell
14:38:09,11.0,+1.76,0.01,49,53900,buy
14:38:06,10.99,+1.67,0.0,232,254968,buy
14:38:03,10.99,+1.67,0.0,40,43960,buy
14:38:00,10.99,+1.67,0.0,269,295631,sell
14:37:57,10.99,+1.67,0.0,124,136276,sell
14:37:54,10.99,+1.67,0.0,84,92756,buy
14:37:51,10.99,+1.67,0.01,341,374759,buy
14:37:48,10.98,+1.57,0.0,137,150426,sell
14:37:45,10.98,+1.57,-0.01,318,349823,sell
14:37:42,10.99,+1.67,0.01,439,482461,buy
14:37:39,10.98,+1.57,0.0,70,76860,sell
14:37:36,10.98,+1.57,0.0,179,196542,sell
14:37:33,10.98,+1.57,-0.01,205,225090,sell
14:37:30,10.99,+1.67,0.01,42,46158,buy
14:37:27,10.98,+1.57,-0.01,134,147132,sell
14:37:24,10.99,+1.67,0.01,150,164850,buy
14:37:21,10.98,+1.57,0.0,92,101016,sell
14:37:18,10.98,+1.57,0.0,52,57096,sell
14:37:15,10.98,+1.57,-0.01,285,312930,sell
14:37:12,10.99,+1.67,0.01,104,114296,buy
14:37:09,10.98,+1.57,-0.01,193,211914,sell
14:37:06,10.99,+1.67,-0.01,278,306181,sell
14:37:03,11.0,+1.76,0.01,35,38500,buy
14:37:00,10.99,+1.67,0.0,501,551039,buy
14:36:57,10.99,+1.67,0.01,148,162652,buy
14:36:54,10.98,+1.57,0.0,107,117486,sell
14:36:51,10.98,+1.57,-0.01,119,130662,sell
14:36:48,10.99,+1.67,0.01,137,150563,buy
14:36:45,10.98,+1.57,0.0,652,715896,sell
14:36:42,10.98,+1.57,0.0,186,204228,sell
14:36:39,10.98,+1.57,-0.01,130,142740,sell
14:36:36,10.99,+1.67,0.01,205,225735,buy
14:36:33,10.98,+1.57,0.0,84,92232,sell
14:36:30,10.98,+1.57,-0.01,244,267912,sell
14:36:27,10.99,+1.67,0.01,233,256067,buy
14:36:24,10.98,+1.57,-0.01,153,167994,sell
14:36:21,10.99,+1.67,0.0,648,712152,buy
14:36:18,10.99,+1.67,0.01,113,124187,buy
14:36:15,10.98,+1.57,-0.01,104,114192,sell
14:36:12,10.99,+1.67,0.0,146,160454,buy
14:36:09,10.99,+1.67,0.0,3,3297,buy
14:36:06,10.99,+1.67,-0.01,91,100668,sell
14:36:03,11.0,+1.76,0.01,328,360800,buy
14:36:00,10.99,+1.67,-0.01,761,836339,sell
14:35:57,11.0,+1.76,0.0,115,126500,buy
14:35:54,11.0,+1.76,0.01,69,75900,buy
14:35:51,10.99,+1.67,0.0,59,64841,sell
14:35:48,10.99,+1.67,0.0,145,159355,sell
14:35:45,10.99,+1.67,-0.01,137,150563,sell
14:35:42,11.0,+1.76,0.01,130,143000,buy
14:35:39,10.99,+1.67,-0.01,157,172543,sell
14:35:36,11.0,+1.76,0.01,310,341000,buy
14:35:33,10.99,+1.67,0.0,296,325304,sell
14:35:30,10.99,+1.67,0.0,166,182434,sell
14:35:27,10.99,+1.67,0.0,78,85722,sell
14:35:24,10.99,+1.67,-0.01,1203,1322097,sell
14:35:21,11.0,+1.76,0.01,318,349800,buy
14:35:18,10.99,+1.67,-0.01,220,241780,sell
14:35:15,11.0,+1.76,0.0,597,656700,buy
14:35:12,11.0,+1.76,0.0,572,629200,norm
14:35:12,11.0,+1.76,0.0,572,629200,buy
14:35:09,11.0,+1.76,0.0,145,159500,buy
14:35:06,11.0,+1.76,0.0,53,58300,buy
14:35:03,11.0,+1.76,0.0,40,44000,buy
14:35:00,11.0,+1.76,0.0,411,452540,sell
14:34:57,11.0,+1.76,-0.01,90,99000,norm
14:34:54,11.01,+1.85,0.01,1240,1365240,buy
14:34:51,11.0,+1.76,0.0,234,257400,buy
14:34:48,11.0,+1.76,-0.01,1763,1940015,sell
14:34:45,11.01,+1.85,0.01,66,72666,buy
14:34:42,11.0,+1.76,-0.01,803,883300,sell
14:34:39,11.01,+1.85,0.0,423,465723,buy
14:34:36,11.01,+1.85,0.0,247,271947,buy
14:34:33,11.01,+1.85,0.0,141,155241,buy
14:34:30,11.01,+1.85,0.0,157,172857,buy
14:34:27,11.01,+1.85,0.0,561,617661,buy
14:34:24,11.01,+1.85,0.0,91,100631,sell
14:34:21,11.01,+1.85,0.0,125,138286,buy
14:34:18,11.01,+1.85,-0.01,174,192014,sell
14:34:15,11.02,+1.94,0.01,132,145464,buy
14:34:12,11.01,+1.85,0.0,261,287361,sell
14:34:09,11.01,+1.85,0.01,970,1068410,buy
14:34:06,11.0,+1.76,0.0,532,585200,sell
14:34:03,11.0,+1.76,0.0,215,236500,sell
14:34:00,11.0,+1.76,0.0,1002,1102200,sell
14:33:57,11.0,+1.76,0.0,170,187220,sell
14:33:54,11.0,+1.76,-0.01,564,620400,sell
14:33:51,11.01,+1.85,0.02,1465,1613350,buy
14:33:48,10.99,+1.67,-0.01,113,124187,sell
14:33:45,11.0,+1.76,0.02,131,144100,buy
14:33:42,10.98,+1.57,-0.01,593,651114,sell
14:33:39,10.99,+1.67,0.0,238,261562,sell
14:33:36,10.99,+1.67,0.0,335,368165,sell
14:33:33,10.99,+1.67,0.0,182,200018,sell
14:33:30,10.99,+1.67,-0.01,519,570381,sell
14:33:27,11.0,+1.76,0.0,61,67100,buy
14:33:24,11.0,+1.76,0.0,407,447700,buy
14:33:21,11.0,+1.76,0.01,415,456500,buy
14:33:18,10.99,+1.67,-0.01,490,538510,sell
14:33:15,11.0,+1.76,0.01,51,56100,buy
14:33:12,10.99,+1.67,0.0,193,212107,sell
14:33:09,10.99,+1.67,0.0,134,147266,sell
14:33:06,10.99,+1.67,0.0,155,170345,buy
14:33:03,10.99,+1.67,0.0,250,274750,buy
14:33:00,10.99,+1.67,-0.01,590,648410,sell
14:32:57,11.0,+1.76,0.0,401,441100,buy
14:32:54,11.0,+1.76,-0.01,4134,4548225,sell
14:32:51,11.01,+1.85,0.0,87,95787,buy
14:32:48,11.01,+1.85,-0.01,881,969981,sell
14:32:45,11.02,+1.94,0.0,354,390108,buy
14:32:42,11.02,+1.94,0.0,1204,1326808,buy
14:32:39,11.02,+1.94,0.0,306,337212,buy
14:32:36,11.02,+1.94,0.01,603,665443,buy
14:32:33,11.01,+1.85,0.0,785,864285,sell
14:32:30,11.01,+1.85,0.01,262,288682,sell
14:32:27,11.0,+1.76,-0.01,1161,1277100,sell
14:32:24,11.01,+1.85,-0.01,873,962054,sell
14:32:21,11.02,+1.94,0.01,4390,4838000,buy
14:32:18,11.01,+1.85,0.0,579,637699,buy
14:32:15,11.01,+1.85,0.01,85,93585,buy
14:32:12,11.0,+1.76,-0.01,552,607200,sell
14:32:09,11.01,+1.85,0.0,678,746478,buy
14:32:06,11.01,+1.85,0.0,1174,1292574,norm
14:32:06,11.01,+1.85,-0.01,1174,1292574,sell
14:32:03,11.02,+1.94,0.0,2046,2254692,buy
14:32:00,11.02,+1.94,0.0,1458,1606716,buy
14:31:57,11.02,+1.94,0.0,956,1054151,buy
14:31:54,11.02,+1.94,0.01,1509,1662918,buy
14:31:51,11.01,+1.85,-0.01,2520,2774520,sell
14:31:48,11.02,+1.94,0.01,1502,1655204,buy
14:31:45,11.01,+1.85,0.0,2692,2964354,buy
14:31:42,11.01,+1.85,0.0,2109,2322009,buy
14:31:39,11.01,+1.85,0.01,6207,6834182,buy
14:31:36,11.0,+1.76,0.0,9399,10338900,buy
14:31:33,11.0,+1.76,0.0,7120,7832000,buy
14:31:30,11.0,+1.76,0.0,14410,15851440,buy
14:31:27,11.0,+1.76,0.0,3374,3711400,buy
14:31:24,11.0,+1.76,0.01,7802,8582200,buy
14:31:21,10.99,+1.67,0.0,11127,12228573,buy
14:31:18,10.99,+1.67,0.0,1080,1186920,buy
14:31:15,10.99,+1.67,0.0,174,191226,buy
14:31:12,10.99,+1.67,0.0,2045,2247455,buy
14:31:09,10.99,+1.67,0.0,2097,2304603,buy
14:31:06,10.99,+1.67,0.01,8482,9322125,buy
14:31:03,10.98,+1.57,0.0,6047,6639606,buy
14:31:00,10.98,+1.57,0.01,406,445788,buy
14:30:57,10.97,+1.48,0.0,296,324931,sell
14:30:54,10.97,+1.48,0.01,562,616514,buy
14:30:51,10.96,+1.39,-0.01,68,74528,sell
14:30:48,10.97,+1.48,0.01,255,279735,buy
14:30:45,10.96,+1.39,0.0,564,618144,sell
14:30:42,10.96,+1.39,0.0,212,232352,buy
14:30:39,10.96,+1.39,0.0,205,224680,buy
14:30:36,10.96,+1.39,0.01,148,162208,buy
14:30:33,10.95,+1.30,-0.01,2749,3010155,sell
14:30:30,10.96,+1.39,0.0,67,73432,buy
14:30:27,10.96,+1.39,-0.01,5012,5493152,sell
14:30:24,10.97,+1.48,0.01,206,225982,buy
14:30:21,10.96,+1.39,0.0,273,299208,sell
14:30:18,10.96,+1.39,0.0,400,439277,buy
14:30:15,10.96,+1.39,0.0,188,206048,buy
14:30:12,10.96,+1.39,0.0,263,288248,buy
14:30:09,10.96,+1.39,0.0,99,108504,buy
14:30:06,10.96,+1.39,0.0,43,47128,buy
14:30:03,10.96,+1.39,0.0,516,565536,buy
14:30:00,10.96,+1.39,0.01,1443,1581528,buy
14:29:57,10.95,+1.30,-0.01,54,59130,sell
14:29:54,10.96,+1.39,0.0,71,77816,buy
14:29:51,10.96,+1.39,0.0,20,21920,buy
14:29:48,10.96,+1.39,0.0,379,415384,sell
14:29:45,10.96,+1.39,-0.01,48,52608,sell
14:29:42,10.97,+1.48,0.0,63,69111,buy
14:29:39,10.97,+1.48,0.01,52,57044,buy
14:29:36,10.96,+1.39,0.0,182,199472,buy
14:29:33,10.96,+1.39,0.01,151,165496,buy
14:29:30,10.95,+1.30,-0.01,112,122640,sell
14:29:27,10.96,+1.39,0.0,22,24112,buy
14:29:24,10.96,+1.39,0.01,46,50416,buy
14:29:21,10.95,+1.30,0.0,61,66795,sell
14:29:18,10.95,+1.30,-0.01,2105,2305873,sell
14:29:15,10.96,+1.39,-0.01,70,76720,sell
14:29:12,10.97,+1.48,0.0,97,106409,buy
14:29:09,10.97,+1.48,0.0,55,60335,buy
14:29:06,10.97,+1.48,0.0,673,738281,buy
14:29:03,10.97,+1.48,0.01,278,305163,buy
14:29:00,10.96,+1.39,0.0,502,550192,norm
14:29:00,10.96,+1.39,0.0,502,550192,sell
14:28:57,10.96,+1.39,-0.01,155,169880,sell
14:28:54,10.97,+1.48,0.01,708,776676,buy
14:28:51,10.96,+1.39,0.0,111,121656,sell
14:28:48,10.96,+1.39,0.0,219,240024,sell
14:28:45,10.96,+1.39,0.0,28,30688,sell
14:28:42,10.96,+1.39,0.0,597,654312,buy
14:28:39,10.96,+1.39,0.01,94,103024,buy
14:28:36,10.95,+1.30,0.0,100,109500,sell
14:28:33,10.95,+1.30,0.0,108,118260,sell
14:28:30,10.95,+1.30,-0.01,437,478515,sell
14:28:27,10.96,+1.39,0.0,52,56992,buy
14:28:24,10.96,+1.39,-0.01,70,76720,norm
14:28:21,10.97,+1.48,0.02,1411,1547867,buy
14:28:18,10.95,+1.30,-0.01,67,73365,sell
14:28:15,10.96,+1.39,0.0,117,128232,buy
14:28:12,10.96,+1.39,0.01,6,6576,buy
14:28:09,10.95,+1.30,-0.01,3795,4155908,sell
14:28:06,10.96,+1.39,0.0,125,137000,sell
14:28:03,10.96,+1.39,0.0,286,314114,sell
14:28:00,10.96,+1.39,-0.01,573,628940,sell
14:27:57,10.97,+1.48,0.01,234,256698,buy
14:27:54,10.96,+1.39,0.0,247,270712,sell
14:27:51,10.96,+1.39,0.0,288,315648,sell
14:27:48,10.96,+1.39,-0.01,940,1030240,sell
14:27:45,10.97,+1.48,0.0,77,84469,buy
14:27:42,10.97,+1.48,0.0,803,880891,buy
14:27:39,10.97,+1.48,0.01,27,29619,buy
14:27:36,10.96,+1.39,0.0,155,169880,sell
14:27:33,10.96,+1.39,-0.01,222,243312,sell
14:27:30,10.97,+1.48,0.01,44,48268,buy
14:27:27,10.96,+1.39,-0.01,272,298112,sell
14:27:24,10.97,+1.48,0.01,126,138222,buy
14:27:21,10.96,+1.39,0.0,2219,2432024,sell
14:27:18,10.96,+1.39,0.0,1084,1188064,sell
14:27:15,10.96,+1.39,0.0,1183,1296568,sell
14:27:12,10.96,+1.39,0.0,474,519504,sell
14:27:09,10.96,+1.39,0.0,607,665491,buy
14:27:06,10.96,+1.39,0.0,195,214597,sell
14:27:03,10.96,+1.39,0.0,1249,1368904,sell
14:27:00,10.96,+1.39,-0.01,410,449579,sell
14:26:57,10.97,+1.48,0.02,34,37298,buy
14:26:54,10.95,+1.30,0.0,2101,2300814,sell
14:26:51,10.95,+1.30,-0.01,4579,5014005,sell
14:26:48,10.96,+1.39,0.01,41,44936,buy
14:26:45,10.95,+1.30,0.0,107,117165,sell
14:26:42,10.95,+1.30,0.0,53,58035,sell
14:26:39,10.95,+1.30,0.0,544,595680,buy
14:26:36,10.95,+1.30,0.0,65,71175,buy
14:26:33,10.95,+1.30,0.0,163,178485,buy
14:26:30,10.95,+1.30,0.0,22,24090,sell
14:26:27,10.95,+1.30,0.0,143,156585,buy
14:26:24,10.95,+1.30,0.01,55,60225,buy
14:26:21,10.94,+1.20,-0.01,2126,2325844,sell
14:26:18,10.95,+1.30,0.0,168,183960,buy
14:26:15,10.95,+1.30,0.01,193,211335,buy
14:26:12,10.94,+1.20,0.0,26,28444,sell
14:26:09,10.94,+1.20,0.01,100,109400,norm
14:26:06,10.93,+1.11,-0.02,348,380364,sell
14:26:03,10.95,+1.30,0.01,45,49275,norm
14:26:00,10.94,+1.20,0.0,976,1067744,buy
14:25:57,10.94,+1.20,0.01,445,486830,buy
14:25:54,10.93,+1.11,0.0,66,72138,norm
14:25:54,10.93,+1.11,0.01,66,72138,buy
14:25:51,10.92,+1.02,-0.02,400,436800,sell
14:25:48,10.94,+1.20,0.0,67,73298,buy
14:25:45,10.94,+1.20,-0.01,27,29538,sell
14:25:42,10.95,+1.30,0.01,20,21900,buy
14:25:39,10.94,+1.20,0.0,356,389464,sell
14:25:36,10.94,+1.20,0.0,3366,3682404,buy
14:25:33,10.94,+1.20,0.01,109,119246,buy
14:25:30,10.93,+1.11,-0.01,20,21860,sell
14:25:27,10.94,+1.20,0.0,1,1094,buy
14:25:24,10.94,+1.20,0.0,16,17504,buy
14:25:21,10.94,+1.20,0.0,178,194732,sell
14:25:18,10.94,+1.20,0.0,898,982412,sell
14:25:15,10.94,+1.20,0.0,291,318354,sell
14:25:12,10.94,+1.20,0.0,622,680468,sell
14:25:09,10.94,+1.20,0.0,204,223176,sell
14:25:06,10.94,+1.20,-0.01,140,153160,sell
14:25:03,10.95,+1.30,0.0,372,407340,buy
14:25:00,10.95,+1.30,0.0,412,451140,buy
14:24:57,10.95,+1.30,0.0,117,128115,buy
14:24:54,10.95,+1.30,0.0,194,212430,buy
14:24:51,10.95,+1.30,0.0,672,736223,sell
14:24:48,10.95,+1.30,0.0,496,543120,sell
14:24:45,10.95,+1.30,-0.01,743,813585,sell
14:24:42,10.96,+1.39,0.01,246,269616,buy
14:24:39,10.95,+1.30,0.0,71,77745,sell
14:24:36,10.95,+1.30,0.0,162,177390,sell
14:24:33,10.95,+1.30,0.0,58,63510,sell
14:24:30,10.95,+1.30,-0.01,249,272655,sell
14:24:27,10.96,+1.39,0.01,224,245504,buy
14:24:24,10.95,+1.30,-0.01,123,134685,sell
14:24:21,10.96,+1.39,0.01,86,94256,buy
14:24:18,10.95,+1.30,0.0,697,763215,sell
14:24:15,10.95,+1.30,-0.01,686,751170,sell
14:24:12,10.96,+1.39,0.01,135,147960,buy
14:24:09,10.95,+1.30,0.0,179,196005,sell
14:24:06,10.95,+1.30,-0.01,164,179580,sell
14:24:03,10.96,+1.39,0.01,132,144672,buy
14:24:00,10.95,+1.30,-0.01,752,823440,sell
14:23:57,10.96,+1.39,0.0,376,412096,buy
14:23:54,10.96,+1.39,0.0,3149,3451304,buy
14:23:51,10.96,+1.39,0.0,60,65760,buy
14:23:48,10.96,+1.39,0.0,90,98640,buy
14:23:45,10.96,+1.39,0.0,168,184128,buy
14:23:42,10.96,+1.39,0.01,103,112888,buy
14:23:39,10.95,+1.30,0.0,180,197100,sell
14:23:36,10.95,+1.30,0.0,93,101835,sell
14:23:33,10.95,+1.30,-0.01,25,27375,sell
14:23:30,10.96,+1.39,0.0,54,59184,buy
14:23:27,10.96,+1.39,0.01,158,173168,buy
14:23:24,10.95,+1.30,-0.01,47,51465,sell
14:23:21,10.96,+1.39,0.01,122,133712,buy
14:23:18,10.95,+1.30,-0.01,191,209857,sell
14:23:15,10.96,+1.39,0.0,67,73432,buy
14:23:12,10.96,+1.39,0.01,242,265232,buy
14:23:09,10.95,+1.30,0.0,367,401865,sell
14:23:06,10.95,+1.30,0.0,200,219000,sell
14:23:03,10.95,+1.30,0.02,332,363540,buy
14:23:00,10.93,+1.11,-0.01,1134,1239462,sell
14:22:57,10.94,+1.20,0.0,1491,1631154,sell
14:22:54,10.94,+1.20,-0.01,144,157536,sell
14:22:51,10.95,+1.30,0.01,155,169725,buy
14:22:48,10.94,+1.20,0.0,382,417908,norm
14:22:48,10.94,+1.20,0.01,382,417908,norm
14:22:45,10.93,+1.11,-0.02,986,1077698,sell
14:22:42,10.95,+1.30,0.0,129,141255,buy
14:22:39,10.95,+1.30,0.0,388,424860,buy
14:22:36,10.95,+1.30,0.01,272,297840,buy
14:22:33,10.94,+1.20,-0.01,799,874106,norm
14:22:30,10.95,+1.30,0.01,345,377775,buy
14:22:27,10.94,+1.20,-0.01,78,85332,norm
14:22:24,10.95,+1.30,0.0,190,208050,buy
14:22:21,10.95,+1.30,0.01,130,142350,buy
14:22:18,10.94,+1.20,0.0,375,410250,sell
14:22:15,10.94,+1.20,-0.01,21,22974,sell
14:22:12,10.95,+1.30,0.02,228,249660,buy
14:22:09,10.93,+1.11,0.0,157,171601,sell
14:22:06,10.93,+1.11,0.0,823,899539,sell
14:22:03,10.93,+1.11,0.0,511,558523,sell
14:22:00,10.93,+1.11,-0.02,389,425833,sell
14:21:57,10.95,+1.30,0.0,127,139065,buy
14:21:54,10.95,+1.30,0.0,72,78840,buy
14:21:51,10.95,+1.30,0.0,5,5475,buy
14:21:48,10.95,+1.30,0.0,202,221190,sell
14:21:45,10.95,+1.30,0.0,421,461652,sell
14:21:42,10.95,+1.30,0.0,277,303753,sell
14:21:39,10.95,+1.30,-0.01,78,85410,buy
14:21:36,10.96,+1.39,0.0,375,411000,buy
14:21:33,10.96,+1.39,0.01,371,406616,buy
14:21:30,10.95,+1.30,0.0,99,108405,sell
14:21:27,10.95,+1.30,0.0,373,408435,sell
14:21:24,10.95,+1.30,0.01,1320,1445838,buy
14:21:21,10.94,+1.20,0.0,440,481360,buy
14:21:18,10.94,+1.20,-0.01,371,405874,sell
14:21:15,10.95,+1.30,0.01,70,76650,buy
14:21:12,10.94,+1.20,0.0,256,280064,sell
14:21:09,10.94,+1.20,0.01,45,49230,buy
14:21:06,10.93,+1.11,-0.01,8,8744,sell
14:21:03,10.94,+1.20,0.0,103,112682,buy
14:21:00,10.94,+1.20,-0.01,244,266936,sell
14:20:57,10.95,+1.30,0.0,187,204765,buy
14:20:54,10.95,+1.30,0.0,73,80592,buy
14:20:51,10.95,+1.30,0.0,200,219438,sell
14:20:48,10.95,+1.30,0.0,459,502605,buy
14:20:45,10.95,+1.30,-0.01,193,211335,norm
14:20:42,10.96,+1.39,0.01,225,246600,buy
14:20:39,10.95,+1.30,0.0,893,977835,buy
14:20:36,10.95,+1.30,-0.01,1025,1122375,sell
14:20:33,10.96,+1.39,0.01,581,636776,buy
14:20:30,10.95,+1.30,-0.01,438,480486,sell
14:20:27,10.96,+1.39,0.01,211,232133,buy
14:20:24,10.95,+1.30,0.0,174,191187,buy
14:20:21,10.95,+1.30,0.0,982,1075290,buy
14:20:18,10.95,+1.30,0.01,20,21900,buy
14:20:15,10.94,+1.20,0.0,553,604982,buy
14:20:12,10.94,+1.20,-0.01,17,18598,norm
14:20:09,10.95,+1.30,0.02,33,36135,buy
14:20:06,10.93,+1.11,0.0,51,56617,sell
14:20:03,10.93,+1.11,0.01,237,259041,norm
14:20:00,10.92,+1.02,-0.02,4781,5220852,sell
14:19:57,10.94,+1.20,0.02,407,445258,buy
14:19:54,10.92,+1.02,-0.01,1000,1092000,sell
14:19:51,10.93,+1.11,0.0,1088,1189621,buy
14:19:48,10.93,+1.11,0.01,298,325714,buy
14:19:45,10.92,+1.02,0.0,21,22932,sell
14:19:42,10.92,+1.02,0.0,99,108108,norm
14:19:42,10.92,+1.02,0.0,99,108108,sell
14:19:39,10.92,+1.02,0.0,24,26208,sell
14:19:36,10.92,+1.02,0.0,188,206279,buy
14:19:33,10.92,+1.02,0.01,11,12012,buy
14:19:30,10.91,+0.93,0.0,49,53459,buy
14:19:27,10.91,+0.93,0.01,1911,2084901,buy
14:19:24,10.9,+0.83,-0.01,71,77390,sell
14:19:21,10.91,+0.93,0.0,1002,1093182,buy
14:19:18,10.91,+0.93,0.01,150,163650,buy
14:19:15,10.9,+0.83,0.0,85,92650,sell
14:19:12,10.9,+0.83,0.01,754,821860,buy
14:19:09,10.89,+0.74,-0.01,216,235224,sell
14:19:06,10.9,+0.83,0.0,28,30520,buy
14:19:03,10.9,+0.83,0.0,157,171130,buy
14:19:00,10.9,+0.83,0.0,359,391310,buy
14:18:57,10.9,+0.83,0.0,59,64310,buy
14:18:54,10.9,+0.83,0.0,2,2180,buy
14:18:51,10.9,+0.83,0.0,154,167860,buy
14:18:48,10.9,+0.83,0.0,76,82840,buy
14:18:45,10.9,+0.83,-0.01,37,40330,sell
14:18:42,10.91,+0.93,0.01,442,482222,buy
14:18:39,10.9,+0.83,-0.01,206,224540,sell
14:18:36,10.91,+0.93,0.0,74,80734,buy
14:18:33,10.91,+0.93,0.0,93,101463,buy
14:18:30,10.91,+0.93,0.01,10,10910,buy
14:18:27,10.9,+0.83,-0.01,21,22890,sell
14:18:24,10.91,+0.93,0.0,18,19638,buy
14:18:21,10.91,+0.93,0.0,585,638235,sell
14:18:18,10.91,+0.93,-0.01,68,74188,sell
14:18:15,10.92,+1.02,0.01,322,351624,buy
14:18:12,10.91,+0.93,-0.01,138,150558,sell
14:18:09,10.92,+1.02,0.0,17,18564,buy
14:18:06,10.92,+1.02,0.0,38,41496,buy
14:18:03,10.92,+1.02,0.0,13,14196,buy
14:18:00,10.92,+1.02,-0.01,342,373464,buy
14:17:57,10.93,+1.11,0.0,14,15302,buy
14:17:54,10.93,+1.11,0.0,20,21860,buy
14:17:51,10.93,+1.11,0.0,19,20767,buy
14:17:48,10.93,+1.11,0.0,237,259041,buy
14:17:45,10.93,+1.11,-0.01,48,52464,sell
14:17:42,10.94,+1.20,0.03,201,219894,buy
14:17:39,10.91,+0.93,-0.02,303,330791,sell
14:17:36,10.93,+1.11,-0.01,61,66673,sell
14:17:33,10.94,+1.20,0.0,2,2188,buy
14:17:30,10.94,+1.20,0.01,5081,5558614,norm
14:17:27,10.93,+1.11,0.01,14,15302,buy
14:17:24,10.92,+1.02,0.0,88,96096,sell
14:17:21,10.92,+1.02,0.0,6818,7445256,sell
14:17:18,10.92,+1.02,0.0,32,34944,sell
14:17:15,10.92,+1.02,0.0,457,499918,buy
14:17:12,10.92,+1.02,0.0,27,29484,buy
14:17:09,10.92,+1.02,0.0,20,21840,buy
14:17:06,10.92,+1.02,0.0,208,227136,buy
14:17:03,10.92,+1.02,0.0,179,195468,buy
14:17:00,10.92,+1.02,0.0,460,502320,buy
14:16:57,10.92,+1.02,0.0,81,88452,buy
14:16:54,10.92,+1.02,0.0,304,331968,buy
14:16:51,10.92,+1.02,0.0,634,692328,buy
14:16:48,10.92,+1.02,0.01,22,24024,buy
14:16:45,10.91,+0.93,0.0,1020,1112820,sell
14:16:42,10.91,+0.93,-0.01,14,15274,sell
14:16:39,10.92,+1.02,0.01,319,348348,buy
14:16:36,10.91,+0.93,0.0,192,209690,norm
14:16:36,10.91,+0.93,-0.02,192,209690,sell
14:16:33,10.93,+1.11,0.01,16,17488,buy
14:16:30,10.92,+1.02,0.0,189,207262,buy
14:16:27,10.92,+1.02,0.0,41,44772,buy
14:16:24,10.92,+1.02,0.0,68,74256,buy
14:16:21,10.92,+1.02,0.01,427,466284,buy
14:16:18,10.91,+0.93,0.0,342,373122,sell
14:16:15,10.91,+0.93,-0.01,1527,1665957,sell
14:16:12,10.92,+1.02,0.01,1099,1200108,buy
14:16:09,10.91,+0.93,0.01,16,17456,sell
14:16:03,10.9,+0.83,-0.01,1030,1122700,sell
14:16:00,10.91,+0.93,0.01,188,205108,sell
14:15:57,10.9,+0.83,-0.02,1006,1096540,sell
14:15:54,10.92,+1.02,0.01,576,628992,buy
14:15:51,10.91,+0.93,0.0,195,212745,buy
14:15:48,10.91,+0.93,0.0,303,330573,buy
14:15:45,10.91,+0.93,0.01,5,5455,buy
14:15:42,10.9,+0.83,0.0,39,42510,sell
14:15:39,10.9,+0.83,0.01,80,87396,buy
14:15:36,10.89,+0.74,-0.01,1099,1197573,sell
14:15:33,10.9,+0.83,0.0,238,259420,buy
14:15:30,10.9,+0.83,0.01,3009,3279810,buy
14:15:27,10.89,+0.74,0.0,107,116523,sell
14:15:24,10.89,+0.74,-0.01,470,511830,sell
14:15:21,10.9,+0.83,0.0,117,127530,buy
14:15:18,10.9,+0.83,0.0,3,3270,buy
14:15:15,10.9,+0.83,0.01,15,16350,buy
14:15:12,10.89,+0.74,0.01,2610,2842617,buy
14:15:09,10.88,+0.65,0.0,324,352512,buy
14:15:06,10.88,+0.65,0.0,139,151232,buy
14:15:03,10.88,+0.65,0.0,302,328576,buy
14:15:00,10.88,+0.65,0.0,561,610368,buy
14:14:57,10.88,+0.65,0.0,116,126208,buy
14:14:54,10.88,+0.65,0.0,19,20672,buy
14:14:51,10.88,+0.65,0.0,99,107712,buy
14:14:48,10.88,+0.65,0.0,46,50048,buy
14:14:45,10.88,+0.65,0.0,57,62016,buy
14:14:42,10.88,+0.65,0.01,155,168640,buy
14:14:39,10.87,+0.56,-0.01,41,44567,sell
14:14:36,10.88,+0.65,0.01,167,181696,buy
14:14:33,10.87,+0.56,-0.01,67,72829,sell
14:14:30,10.88,+0.65,0.0,63,68544,buy
14:14:27,10.88,+0.65,0.01,231,251328,buy
14:14:24,10.87,+0.56,-0.01,713,775031,sell
14:14:21,10.88,+0.65,-0.01,32,34816,sell
14:14:18,10.89,+0.74,0.01,2058,2241162,buy
14:14:15,10.88,+0.65,0.0,20,21760,buy
14:14:12,10.88,+0.65,0.0,53,57664,buy
14:14:09,10.88,+0.65,0.0,203,220864,buy
14:14:06,10.88,+0.65,0.01,132,143616,buy
14:14:03,10.87,+0.56,-0.01,366,397842,sell
14:14:00,10.88,+0.65,0.0,458,498304,buy
14:13:57,10.88,+0.65,0.0,1112,1209856,buy
14:13:54,10.88,+0.65,0.0,56,60928,buy
14:13:51,10.88,+0.65,0.0,19,20672,buy
14:13:48,10.88,+0.65,0.0,8,8704,buy
14:13:45,10.88,+0.65,0.02,53,57664,buy
14:13:42,10.86,+0.46,-0.01,2071,2249106,sell
14:13:39,10.87,+0.56,-0.01,903,982213,sell
14:13:36,10.88,+0.65,0.01,7,7616,buy
14:13:33,10.87,+0.56,-0.01,24,26523,sell
14:13:30,10.88,+0.65,-0.01,177,192576,norm
14:13:30,10.88,+0.65,0.01,177,192576,buy
14:13:27,10.87,+0.56,0.0,509,553283,buy
14:13:24,10.87,+0.56,0.0,186,202182,buy
14:13:21,10.87,+0.56,0.0,732,795684,buy
14:13:18,10.87,+0.56,0.01,12,13044,buy
14:13:15,10.86,+0.46,-0.01,318,345348,sell
14:13:12,10.87,+0.56,0.0,112,121744,buy
14:13:09,10.87,+0.56,0.01,166,180442,buy
14:13:06,10.86,+0.46,0.0,27,29322,sell
14:13:03,10.86,+0.46,0.0,1153,1252375,buy
14:13:00,10.86,+0.46,0.01,375,407250,buy
14:12:57,10.85,+0.37,-0.01,49,53165,sell
14:12:54,10.86,+0.46,0.01,12,13032,buy
14:12:51,10.85,+0.37,-0.01,149,161665,sell
14:12:48,10.86,+0.46,0.01,6,6516,buy
14:12:45,10.85,+0.37,0.0,25,27125,sell
14:12:42,10.85,+0.37,0.0,9,9765,sell
14:12:39,10.85,+0.37,0.0,25,27125,sell
14:12:36,10.85,+0.37,0.0,139,150815,buy
14:12:33,10.85,+0.37,0.0,18,19530,buy
14:12:30,10.85,+0.37,0.0,207,224595,buy
14:12:27,10.85,+0.37,0.0,146,158410,buy
14:12:24,10.85,+0.37,0.0,9,9765,buy
14:12:21,10.85,+0.37,0.0,52,56420,buy
14:12:18,10.85,+0.37,0.01,18,19530,buy
14:12:15,10.84,+0.28,-0.01,152,164985,sell
14:12:12,10.85,+0.37,0.0,15,16275,buy
14:12:09,10.85,+0.37,0.0,9,9765,buy
14:12:03,10.85,+0.37,0.0,26,28210,buy
14:12:00,10.85,+0.37,0.0,213,231105,sell
14:11:57,10.85,+0.37,-0.01,7,7595,sell
14:11:54,10.86,+0.46,0.0,35,38010,buy
14:11:51,10.86,+0.46,0.0,11,11946,buy
14:11:48,10.86,+0.46,0.01,570,619020,buy
14:11:45,10.85,+0.37,-0.01,32,34720,sell
14:11:42,10.86,+0.46,0.0,22,23892,buy
14:11:39,10.86,+0.46,0.01,45,48870,buy
14:11:36,10.85,+0.37,-0.01,302,327670,sell
14:11:33,10.86,+0.46,0.01,13,14118,buy
14:11:30,10.85,+0.37,0.0,75,81375,sell
14:11:27,10.85,+0.37,-0.01,13,14105,sell
14:11:24,10.86,+0.46,0.0,7,7602,buy
14:11:21,10.86,+0.46,0.0,23,24978,buy
14:11:18,10.86,+0.46,0.01,11,11946,buy
14:11:15,10.85,+0.37,-0.01,110,119350,sell
14:11:12,10.86,+0.46,0.0,9,9774,buy
14:11:09,10.86,+0.46,0.0,16,17376,buy
14:11:06,10.86,+0.46,0.0,20,21720,buy
14:11:03,10.86,+0.46,0.0,30,32580,buy
14:11:00,10.86,+0.46,0.0,446,484356,buy
14:10:57,10.86,+0.46,0.0,105,114030,buy
14:10:54,10.86,+0.46,-0.01,463,503687,sell
14:10:51,10.87,+0.56,0.0,12,13044,buy
14:10:48,10.87,+0.56,0.01,10,10870,buy
14:10:45,10.86,+0.46,-0.01,73,79278,sell
14:10:42,10.87,+0.56,0.0,141,153267,buy
14:10:39,10.87,+0.56,0.0,49,53263,buy
14:10:36,10.87,+0.56,0.0,2,2174,buy
14:10:33,10.87,+0.56,0.0,69,75003,buy
14:10:30,10.87,+0.56,0.0,39,42393,buy
14:10:24,10.87,+0.56,0.0,12,13044,norm
14:10:24,10.87,+0.56,0.0,12,13044,buy
14:10:21,10.87,+0.56,0.0,5,5435,buy
14:10:18,10.87,+0.56,0.0,7,7609,buy
14:10:15,10.87,+0.56,0.0,6,6522,buy
14:10:12,10.87,+0.56,0.0,13,14131,buy
14:10:09,10.87,+0.56,0.0,162,176311,buy
14:10:06,10.87,+0.56,0.0,117,127179,sell
14:10:03,10.87,+0.56,0.0,72,78264,buy
14:10:00,10.87,+0.56,0.0,452,491324,buy
14:09:57,10.87,+0.56,-0.01,263,286751,sell
14:09:54,10.88,+0.65,0.01,29,31552,buy
14:09:51,10.87,+0.56,-0.01,113,123048,sell
14:09:48,10.88,+0.65,0.01,5,5440,buy
14:09:45,10.87,+0.56,0.0,15,16305,buy
14:09:42,10.87,+0.56,-0.01,256,278272,sell
14:09:39,10.88,+0.65,0.0,84,91392,buy
14:09:36,10.88,+0.65,0.0,60,65280,buy
14:09:33,10.88,+0.65,0.0,30,32640,buy
14:09:30,10.88,+0.65,0.0,235,255680,buy
14:09:27,10.88,+0.65,0.01,61,66368,buy
14:09:24,10.87,+0.56,-0.01,120,130440,sell
14:09:21,10.88,+0.65,0.01,34,36992,buy
14:09:18,10.87,+0.56,-0.01,756,821772,sell
14:09:15,10.88,+0.65,0.0,43,46784,buy
14:09:12,10.88,+0.65,0.0,377,410176,buy
14:09:09,10.88,+0.65,0.01,119,129472,buy
14:09:06,10.87,+0.56,-0.01,113,122831,sell
14:09:03,10.88,+0.65,0.0,108,117504,buy
14:09:00,10.88,+0.65,0.0,411,447168,buy
14:08:57,10.88,+0.65,0.01,142,154496,buy
14:08:54,10.87,+0.56,-0.01,151,164137,sell
14:08:51,10.88,+0.65,0.0,183,199104,buy
14:08:48,10.88,+0.65,0.0,61,66368,buy
14:08:45,10.88,+0.65,0.0,365,397120,buy
14:08:42,10.88,+0.65,0.0,4,4352,buy
14:08:39,10.88,+0.65,0.0,1,1088,buy
14:08:33,10.88,+0.65,0.01,1815,1974720,buy
14:08:30,10.87,+0.56,0.0,501,544587,buy
14:08:27,10.87,+0.56,0.01,73,79351,buy
14:08:24,10.86,+0.46,-0.01,91,98826,sell
14:08:21,10.87,+0.56,0.01,126,136962,buy
14:08:18,10.86,+0.46,0.0,51,55386,sell
14:08:15,10.86,+0.46,0.0,556,603816,sell
14:08:12,10.86,+0.46,0.0,296,321456,sell
14:08:09,10.86,+0.46,0.0,54,58644,sell
14:08:06,10.86,+0.46,0.01,121,131406,norm
14:08:03,10.85,+0.37,-0.01,1072,1163120,sell
14:08:00,10.86,+0.46,0.01,33,35838,buy
14:07:57,10.85,+0.37,-0.01,57,61845,sell
14:07:54,10.86,+0.46,0.0,111,120546,buy
14:07:51,10.86,+0.46,0.0,3,3475,buy
14:07:48,10.86,+0.46,0.0,61,66246,buy
14:07:45,10.86,+0.46,0.01,49,53214,buy
14:07:42,10.85,+0.37,-0.01,15,16275,sell
14:07:39,10.86,+0.46,0.0,19,20634,buy
14:07:36,10.86,+0.46,0.02,22,23892,buy
14:07:33,10.84,+0.28,-0.01,130,140920,sell
14:07:30,10.85,+0.37,0.01,27,29295,buy
14:07:24,10.84,+0.28,-0.02,665,720860,sell
14:07:21,10.86,+0.46,0.02,2390,2595540,buy
14:07:18,10.84,+0.28,0.0,5,5420,norm
14:07:18,10.84,+0.28,-0.01,5,5420,sell
14:07:12,10.85,+0.37,0.01,55,59675,buy
14:07:09,10.84,+0.28,-0.01,5,5420,sell
14:07:06,10.85,+0.37,0.01,4,4340,buy
14:07:03,10.84,+0.28,0.0,393,426012,sell
14:07:00,10.84,+0.28,-0.01,188,203792,sell
14:06:57,10.85,+0.37,0.0,59,64015,buy
14:06:54,10.85,+0.37,0.0,109,118265,buy
14:06:51,10.85,+0.37,0.0,24,26040,buy
14:06:48,10.85,+0.37,0.0,17,18445,buy
14:06:45,10.85,+0.37,-0.01,2436,2643928,sell
14:06:42,10.86,+0.46,0.01,224,243264,buy
14:06:39,10.85,+0.37,-0.01,59,64015,sell
14:06:36,10.86,+0.46,0.0,5,5430,buy
14:06:33,10.86,+0.46,0.0,311,337746,buy
14:06:30,10.86,+0.46,0.0,374,406164,sell
14:06:27,10.86,+0.46,0.0,115,124890,buy
14:06:24,10.86,+0.46,0.0,301,326886,buy
14:06:21,10.86,+0.46,0.0,17,18462,buy
14:06:18,10.86,+0.46,0.0,1,1086,buy
14:06:15,10.86,+0.46,0.0,217,235662,buy
14:06:12,10.86,+0.46,0.01,846,918756,buy
14:06:09,10.85,+0.37,0.0,185,200942,sell
14:06:06,10.85,+0.37,0.0,256,277760,sell
14:06:03,10.85,+0.37,-0.01,134,145390,sell
14:06:00,10.86,+0.46,0.0,537,583182,buy
14:05:57,10.86,+0.46,0.0,84,91224,buy
14:05:54,10.86,+0.46,0.01,407,442002,buy
14:05:51,10.85,+0.37,0.0,15,16275,sell
14:05:48,10.85,+0.37,0.0,108,117180,sell
14:05:45,10.85,+0.37,-0.01,10,10850,sell
14:05:42,10.86,+0.46,0.01,1,1086,buy
14:05:39,10.85,+0.37,0.0,598,649579,buy
14:05:36,10.85,+0.37,0.0,1,1085,buy
14:05:33,10.85,+0.37,0.01,38,41230,buy
14:05:30,10.84,+0.28,-0.01,1113,1206492,sell
14:05:27,10.85,+0.37,0.0,26,28210,buy
14:05:24,10.85,+0.37,0.01,623,675955,buy
14:05:21,10.84,+0.28,0.0,75,81300,sell
14:05:18,10.84,+0.28,-0.01,6,6504,sell
14:05:15,10.85,+0.37,0.0,262,284270,buy
14:05:12,10.85,+0.37,0.01,42,45570,buy
14:05:09,10.84,+0.28,-0.01,227,246068,sell
14:05:06,10.85,+0.37,0.0,97,105245,buy
14:05:03,10.85,+0.37,0.0,1144,1242227,buy
14:05:00,10.85,+0.37,0.01,24,26040,buy
14:04:57,10.84,+0.28,-0.01,160,173440,sell
14:04:54,10.85,+0.37,0.01,6,6510,buy
14:04:51,10.84,+0.28,-0.01,293,317612,sell
14:04:48,10.85,+0.37,0.01,56,60760,buy
14:04:45,10.84,+0.28,0.0,60,65040,sell
14:04:42,10.84,+0.28,0.0,70,75880,sell
14:04:39,10.84,+0.28,0.0,387,419606,sell
14:04:36,10.84,+0.28,0.0,146,158264,sell
14:04:33,10.84,+0.28,0.0,36,39024,sell
14:04:30,10.84,+0.28,0.0,80,86720,sell
14:04:27,10.84,+0.28,0.0,230,249320,sell
14:04:24,10.84,+0.28,0.0,4,4336,sell
14:04:21,10.84,+0.28,0.0,16,17344,sell
14:04:18,10.84,+0.28,0.0,24,26016,sell
14:04:15,10.84,+0.28,-0.01,10,10840,sell
14:04:12,10.85,+0.37,-0.01,16,17360,norm
14:04:12,10.85,+0.37,0.0,16,17360,buy
14:04:09,10.85,+0.37,0.0,64,69440,buy
14:04:06,10.85,+0.37,0.01,120,130200,buy
14:04:03,10.84,+0.28,0.0,241,261244,buy
14:04:00,10.84,+0.28,0.0,50,54200,buy
14:03:57,10.84,+0.28,0.0,61,66124,buy
14:03:54,10.84,+0.28,0.0,175,189700,buy
14:03:51,10.84,+0.28,0.0,216,234144,buy
14:03:48,10.84,+0.28,0.0,14,15176,buy
14:03:45,10.84,+0.28,0.0,506,548504,buy
14:03:42,10.84,+0.28,0.0,87,94308,buy
14:03:39,10.84,+0.28,0.0,87,94308,buy
14:03:36,10.84,+0.28,0.0,22,23848,buy
14:03:33,10.84,+0.28,0.0,12,13008,buy
14:03:30,10.84,+0.28,0.01,4,4336,buy
14:03:24,10.83,+0.19,0.0,198,214499,buy
14:03:21,10.83,+0.19,-0.01,402,436384,sell
14:03:18,10.84,+0.28,0.01,7,7588,buy
14:03:15,10.83,+0.19,0.0,129,139707,sell
14:03:12,10.83,+0.19,0.0,28,30324,sell
14:03:09,10.83,+0.19,0.0,250,270750,sell
14:03:06,10.83,+0.19,0.0,256,277313,buy
14:03:03,10.83,+0.19,0.0,161,174363,buy
14:03:00,10.83,+0.19,0.0,106,114798,buy
14:02:57,10.83,+0.19,0.0,153,165699,buy
14:02:54,10.83,+0.19,0.0,29,31407,buy
14:02:51,10.83,+0.19,-0.01,195,212203,sell
14:02:48,10.84,+0.28,0.01,53,57452,buy
14:02:45,10.83,+0.19,0.0,300,324900,sell
14:02:42,10.83,+0.19,-0.01,128,138624,sell
14:02:39,10.84,+0.28,0.0,20,21680,buy
14:02:36,10.84,+0.28,0.01,1,1084,buy
14:02:33,10.83,+0.19,0.0,266,288143,buy
14:02:30,10.83,+0.19,0.01,1250,1353750,buy
14:02:27,10.82,+0.09,0.0,115,124430,sell
14:02:24,10.82,+0.09,-0.01,123,133086,sell
14:02:21,10.83,+0.19,0.01,52,56316,buy
14:02:18,10.82,+0.09,-0.01,442,478244,sell
14:02:15,10.83,+0.19,0.0,1,1083,buy
14:02:12,10.83,+0.19,0.01,692,749436,buy
14:02:09,10.82,+0.09,0.0,113,122266,buy
14:02:06,10.82,+0.09,0.01,96,103872,buy
14:02:03,10.81,0.00,0.0,540,583740,sell
14:02:00,10.81,0.00,0.0,36,38916,sell
14:01:57,10.81,0.00,0.0,769,831289,buy
14:01:54,10.81,0.00,0.0,729,788049,buy
14:01:51,10.81,0.00,0.0,943,1019383,buy
14:01:48,10.81,0.00,0.01,46,49726,buy
14:01:45,10.8,-0.09,-0.01,35,37800,sell
14:01:42,10.81,0.00,0.0,96,103776,buy
14:01:39,10.81,0.00,0.0,22,23782,buy
14:01:36,10.81,0.00,0.0,675,729675,buy
14:01:33,10.81,0.00,0.01,32,34592,buy
14:01:30,10.8,-0.09,-0.01,490,529200,sell
14:01:27,10.81,0.00,0.01,257,277817,buy
14:01:24,10.8,-0.09,-0.01,250,270000,sell
14:01:21,10.81,0.00,0.0,428,462668,buy
14:01:18,10.81,0.00,0.0,94,101614,buy
14:01:15,10.81,0.00,0.0,725,783725,sell
14:01:12,10.81,0.00,0.0,17,18377,norm
14:01:09,10.81,0.00,0.0,1598,1727438,buy
14:01:06,10.81,0.00,0.0,926,1001006,norm
14:01:06,10.81,0.00,0.01,926,1001006,buy
14:01:03,10.8,-0.09,-0.01,23,24840,sell
14:01:00,10.81,0.00,0.0,28,30268,buy
14:00:57,10.81,0.00,0.01,326,352406,buy
14:00:54,10.8,-0.09,-0.01,6,6480,sell
14:00:51,10.81,0.00,0.0,19,20539,buy
14:00:48,10.81,0.00,0.01,703,759943,buy
14:00:45,10.8,-0.09,-0.01,10,10800,sell
14:00:42,10.81,0.00,0.0,6,6486,buy
14:00:39,10.81,0.00,0.0,61,65941,buy
14:00:36,10.81,0.00,0.0,290,313490,buy
14:00:33,10.81,0.00,0.01,21,22701,buy
14:00:27,10.8,-0.09,0.0,20,21600,sell
14:00:24,10.8,-0.09,0.0,72,77760,sell
14:00:21,10.8,-0.09,0.0,52,56160,sell
14:00:15,10.8,-0.09,0.0,7,7560,sell
14:00:12,10.8,-0.09,-0.01,17,18954,sell
14:00:09,10.81,0.00,0.01,24,25944,buy
14:00:06,10.8,-0.09,0.0,47,50760,sell
14:00:03,10.8,-0.09,0.0,59,63720,sell
14:00:00,10.8,-0.09,0.0,4,4320,sell
13:59:57,10.8,-0.09,-0.01,11,11880,sell
13:59:54,10.81,0.00,0.0,3,3243,buy
13:59:51,10.81,0.00,0.01,2,2162,buy
13:59:48,10.8,-0.09,0.0,30,32400,sell
13:59:45,10.8,-0.09,-0.01,458,494640,sell
13:59:42,10.81,0.00,0.0,183,197823,buy
13:59:39,10.81,0.00,0.01,2,2162,buy
13:59:36,10.8,-0.09,0.0,322,347760,sell
13:59:33,10.8,-0.09,0.0,5,5400,sell
13:59:30,10.8,-0.09,-0.01,30,32400,sell
13:59:27,10.81,0.00,0.0,14,15134,buy
13:59:24,10.81,0.00,0.0,452,488612,buy
13:59:21,10.81,0.00,0.0,103,111343,buy
13:59:18,10.81,0.00,0.0,26,28106,buy
13:59:12,10.81,0.00,0.0,130,140530,buy
13:59:09,10.81,0.00,0.01,46,49726,buy
13:59:06,10.8,-0.09,0.01,112,120960,sell
13:59:03,10.79,-0.19,-0.01,1216,1312064,sell
13:59:00,10.8,-0.09,0.0,481,519480,sell
13:58:54,10.8,-0.09,-0.01,17,18360,sell
13:58:51,10.81,0.00,0.0,130,140530,buy
13:58:48,10.81,0.00,0.01,69,74589,buy
13:58:45,10.8,-0.09,-0.01,166,179280,sell
13:58:42,10.81,0.00,0.0,15,16215,buy
13:58:39,10.81,0.00,0.01,2,2162,buy
13:58:36,10.8,-0.09,-0.01,94,101520,sell
13:58:33,10.81,0.00,0.01,463,500503,buy
13:58:27,10.8,-0.09,-0.02,17,18360,sell
13:58:24,10.82,+0.09,0.0,443,479326,buy
13:58:21,10.82,+0.09,0.02,46,49772,buy
13:58:18,10.8,-0.09,-0.01,1142,1233360,sell
13:58:15,10.81,0.00,0.0,4,4324,sell
13:58:12,10.81,0.00,-0.02,1331,1438811,sell
13:58:09,10.83,+0.19,0.0,2,2166,buy
13:58:06,10.83,+0.19,0.0,114,123462,buy
13:58:03,10.83,+0.19,0.0,381,413641,sell
13:58:00,10.83,+0.19,0.0,30,32490,norm
13:58:00,10.83,+0.19,0.0,30,32490,sell
13:57:57,10.83,+0.19,-0.01,1621,1755543,sell
13:57:54,10.84,+0.28,0.0,105,113820,buy
13:57:51,10.84,+0.28,0.01,8,8672,buy
13:57:48,10.83,+0.19,-0.01,165,178695,sell
13:57:45,10.84,+0.28,0.0,21,22764,buy
13:57:42,10.84,+0.28,-0.01,35,37940,sell
13:57:39,10.85,+0.37,0.01,36,39060,buy
13:57:36,10.84,+0.28,0.0,88,95392,buy
13:57:33,10.84,+0.28,0.0,60,65040,buy
13:57:30,10.84,+0.28,0.0,74,80433,sell
13:57:27,10.84,+0.28,0.0,295,319780,sell
13:57:24,10.84,+0.28,0.0,123,133332,sell
13:57:21,10.84,+0.28,0.0,185,201407,buy
13:57:18,10.84,+0.28,-0.01,57,62005,sell
13:57:15,10.85,+0.37,0.0,37,40145,buy
13:57:12,10.85,+0.37,0.0,56,60760,buy
13:57:09,10.85,+0.37,0.0,93,100905,buy
13:57:06,10.85,+0.37,0.01,204,221340,buy
13:57:03,10.84,+0.28,-0.01,141,152844,sell
13:57:00,10.85,+0.37,0.01,15,16275,buy
13:56:57,10.84,+0.28,0.01,136,148291,buy
13:56:54,10.83,+0.19,-0.01,71,76893,sell
13:56:51,10.84,+0.28,0.0,93,100812,buy
13:56:48,10.84,+0.28,0.0,168,182112,buy
13:56:45,10.84,+0.28,0.0,207,224388,buy
13:56:42,10.84,+0.28,0.0,2,2168,buy
13:56:39,10.84,+0.28,0.0,27,29268,buy
13:56:36,10.84,+0.28,0.0,303,328452,buy
13:56:33,10.84,+0.28,0.01,39,42276,buy
13:56:30,10.83,+0.19,-0.01,4,4332,sell
13:56:27,10.84,+0.28,0.01,1,1084,buy
13:56:24,10.83,+0.19,0.0,16,18194,sell
13:56:21,10.83,+0.19,0.01,33,36021,buy
13:56:18,10.82,+0.09,-0.01,72,77904,sell
13:56:15,10.83,+0.19,0.0,174,188442,buy
13:56:12,10.83,+0.19,0.0,117,126711,buy
13:56:09,10.83,+0.19,0.0,249,269667,buy
13:56:06,10.83,+0.19,0.01,1,1083,buy
13:56:03,10.82,+0.09,0.01,211,229070,buy
13:56:00,10.81,0.00,-0.01,49,52969,sell
13:55:57,10.82,+0.09,0.01,17,18394,buy
13:55:54,10.81,0.00,-0.01,43,46483,sell
13:55:51,10.82,+0.09,0.02,2083,2254531,buy
13:55:48,10.8,-0.09,-0.01,855,923400,sell
13:55:45,10.81,0.00,0.01,127,137287,buy
13:55:42,10.8,-0.09,-0.01,86,92880,sell
13:55:39,10.81,0.00,0.0,1034,1117754,buy
13:55:36,10.81,0.00,0.01,278,300518,buy
13:55:33,10.8,-0.09,0.0,670,723600,sell
13:55:30,10.8,-0.09,0.0,3351,3619080,sell
13:55:27,10.8,-0.09,-0.01,829,895320,sell
13:55:24,10.81,0.00,0.0,2566,2773846,buy
13:55:21,10.81,0.00,0.01,8071,8724751,buy
13:55:18,10.8,-0.09,0.01,230,248400,buy
13:55:15,10.79,-0.19,0.0,750,809433,buy
13:55:12,10.79,-0.19,0.0,266,287014,buy
13:55:09,10.79,-0.19,0.01,230,248602,buy
13:55:06,10.78,-0.28,0.0,151,163209,sell
13:55:03,10.78,-0.28,0.0,11,11858,sell
13:55:00,10.78,-0.28,-0.01,32,34496,sell
13:54:57,10.79,-0.19,0.0,83,89557,buy
13:54:54,10.79,-0.19,0.0,56,60424,norm
13:54:54,10.79,-0.19,0.0,56,60424,buy
13:54:51,10.79,-0.19,0.0,73,78767,buy
13:54:48,10.79,-0.19,0.0,42,45318,buy
13:54:45,10.79,-0.19,0.01,62,66898,buy
13:54:42,10.78,-0.28,-0.01,70,75460,sell
13:54:39,10.79,-0.19,0.0,46,49634,buy
13:54:36,10.79,-0.19,0.01,55,59345,buy
13:54:33,10.78,-0.28,-0.02,134,145347,sell
13:54:30,10.8,-0.09,0.0,139,150120,buy
13:54:27,10.8,-0.09,0.0,452,488160,buy
13:54:24,10.8,-0.09,0.01,1303,1407240,buy
13:54:21,10.79,-0.19,0.0,219,237164,sell
13:54:18,10.79,-0.19,0.0,135,145665,sell
13:54:15,10.79,-0.19,-0.01,84,90636,sell
13:54:12,10.8,-0.09,0.0,32,34560,buy
13:54:09,10.8,-0.09,0.0,30,32400,buy
13:54:06,10.8,-0.09,0.01,58,62640,buy
13:54:03,10.79,-0.19,0.0,176,189904,sell
13:54:00,10.79,-0.19,0.0,2,2158,sell
13:53:57,10.79,-0.19,-0.01,116,125164,sell
13:53:54,10.8,-0.09,0.01,435,469800,buy
13:53:51,10.79,-0.19,-0.01,62,66898,sell
13:53:48,10.8,-0.09,0.01,62,66960,buy
13:53:45,10.79,-0.19,0.0,173,186667,sell
13:53:42,10.79,-0.19,0.0,53,57187,sell
13:53:39,10.79,-0.19,0.0,134,144586,sell
13:53:36,10.79,-0.19,0.0,71,76609,sell
13:53:33,10.79,-0.19,-0.01,152,164008,sell
13:53:30,10.8,-0.09,0.0,71,76680,buy
13:53:27,10.8,-0.09,0.0,21,22680,buy
13:53:24,10.8,-0.09,0.0,49,52920,buy
13:53:21,10.8,-0.09,0.01,55,59400,buy
13:53:18,10.79,-0.19,0.0,96,103584,sell
13:53:15,10.79,-0.19,-0.01,104,112216,sell
13:53:12,10.8,-0.09,0.0,2,2160,buy
13:53:06,10.8,-0.09,0.01,92,99360,buy
13:53:03,10.79,-0.19,-0.01,202,217958,sell
13:53:00,10.8,-0.09,0.01,23,24840,buy
13:52:57,10.79,-0.19,-0.01,733,790907,sell
13:52:54,10.8,-0.09,0.0,81,87480,buy
13:52:51,10.8,-0.09,0.01,120,129600,buy
13:52:48,10.79,-0.19,-0.01,53,57187,sell
13:52:45,10.8,-0.09,0.01,34,36720,buy
13:52:42,10.79,-0.19,-0.01,10,10790,sell
13:52:39,10.8,-0.09,0.0,221,238680,buy
13:52:36,10.8,-0.09,0.01,35,37800,buy
13:52:33,10.79,-0.19,0.0,159,171561,sell
13:52:30,10.79,-0.19,0.0,2,2158,sell
13:52:27,10.79,-0.19,0.0,28,30212,sell
13:52:24,10.79,-0.19,0.0,32,34528,sell
13:52:21,10.79,-0.19,0.0,246,265434,sell
13:52:18,10.79,-0.19,-0.01,368,397072,sell
13:52:15,10.8,-0.09,0.0,135,145800,buy
13:52:12,10.8,-0.09,0.0,132,142560,buy
13:52:09,10.8,-0.09,0.01,762,822960,buy
13:52:06,10.79,-0.19,0.0,32,34528,sell
13:52:03,10.79,-0.19,-0.01,802,865358,sell
13:52:00,10.8,-0.09,0.0,90,97200,buy
13:51:57,10.8,-0.09,0.0,18,19440,buy
13:51:54,10.8,-0.09,0.01,23,24840,buy
13:51:51,10.79,-0.19,-0.01,263,283777,sell
13:51:48,10.8,-0.09,-0.01,77,83160,norm
13:51:48,10.8,-0.09,0.01,77,83160,buy
13:51:45,10.79,-0.19,-0.01,4,4316,sell
13:51:42,10.8,-0.09,0.01,2113,2282040,buy
13:51:39,10.79,-0.19,-0.01,150,161850,sell
13:51:36,10.8,-0.09,0.01,115,124200,buy
13:51:33,10.79,-0.19,-0.01,5,5395,sell
13:51:30,10.8,-0.09,0.01,30,32400,buy
13:51:27,10.79,-0.19,0.0,35,38164,sell
13:51:24,10.79,-0.19,-0.01,71,76609,sell
13:51:21,10.8,-0.09,0.01,40,43200,buy
13:51:18,10.79,-0.19,-0.01,99,106821,sell
13:51:15,10.8,-0.09,0.01,36,38880,buy
13:51:12,10.79,-0.19,-0.01,281,303846,sell
13:51:09,10.8,-0.09,0.01,315,340200,buy
13:51:06,10.79,-0.19,0.0,122,131638,sell
13:51:03,10.79,-0.19,0.0,62,66898,sell
13:51:00,10.79,-0.19,0.0,5,5395,sell
13:50:57,10.79,-0.19,0.01,184,198968,buy
13:50:54,10.78,-0.28,0.0,207,223146,sell
13:50:51,10.78,-0.28,0.0,25,26950,sell
13:50:48,10.78,-0.28,0.0,260,280474,buy
13:50:45,10.78,-0.28,0.0,213,230498,sell
13:50:42,10.78,-0.28,-0.01,72,77616,sell
13:50:39,10.79,-0.19,0.01,54,58266,buy
13:50:36,10.78,-0.28,-0.01,2067,2228226,sell
13:50:33,10.79,-0.19,0.0,18,19422,sell
13:50:30,10.79,-0.19,0.0,53,57381,buy
13:50:27,10.79,-0.19,0.0,174,187746,buy
13:50:24,10.79,-0.19,0.0,513,554412,sell
13:50:21,10.79,-0.19,0.0,175,188825,sell
13:50:18,10.79,-0.19,0.0,113,121927,sell
13:50:15,10.79,-0.19,0.0,102,110058,sell
13:50:12,10.79,-0.19,0.0,45,48555,sell
13:50:09,10.79,-0.19,-0.01,77,83083,sell
13:50:06,10.8,-0.09,0.0,45,48600,buy
13:50:03,10.8,-0.09,0.0,94,101520,buy
13:50:00,10.8,-0.09,0.0,46,49680,sell
13:49:57,10.8,-0.09,0.0,80,86400,sell
13:49:54,10.8,-0.09,0.0,554,598320,sell
13:49:51,10.8,-0.09,-0.01,5,5400,sell
13:49:48,10.81,0.00,0.01,63,68103,buy
13:49:45,10.8,-0.09,0.0,273,294840,sell
13:49:42,10.8,-0.09,0.0,70,75600,sell
13:49:39,10.8,-0.09,-0.01,86,92880,sell
13:49:36,10.81,0.00,0.01,52,56212,buy
13:49:33,10.8,-0.09,0.0,35,37800,sell
13:49:30,10.8,-0.09,-0.01,16,17280,sell
13:49:27,10.81,0.00,0.01,92,99452,buy
13:49:24,10.8,-0.09,0.0,26,28080,sell
13:49:21,10.8,-0.09,0.0,13,14040,sell
13:49:18,10.8,-0.09,-0.01,628,678240,sell
13:49:15,10.81,0.00,0.0,71,76751,buy
13:49:12,10.81,0.00,0.01,114,123234,buy
13:49:09,10.8,-0.09,0.0,42,45360,sell
13:49:06,10.8,-0.09,0.0,125,135000,sell
13:49:03,10.8,-0.09,0.0,11,11880,sell
13:49:00,10.8,-0.09,-0.01,327,353160,sell
13:48:57,10.81,0.00,0.0,162,175122,buy
13:48:54,10.81,0.00,0.01,631,682111,buy
13:48:51,10.8,-0.09,-0.01,210,226800,sell
13:48:48,10.81,0.00,0.01,4,4324,buy
13:48:45,10.8,-0.09,0.0,94,102384,buy
13:48:42,10.8,-0.09,0.0,597,644760,norm
13:48:42,10.8,-0.09,0.0,597,644760,sell
13:48:39,10.8,-0.09,0.0,744,803520,sell
13:48:36,10.8,-0.09,0.0,215,232200,sell
13:48:33,10.8,-0.09,0.0,2186,2360880,sell
13:48:30,10.8,-0.09,0.0,157,169560,sell
13:48:27,10.8,-0.09,0.0,639,690120,sell
13:48:24,10.8,-0.09,-0.01,384,414720,sell
13:48:21,10.81,0.00,0.01,121,130801,buy
13:48:18,10.8,-0.09,-0.01,130,140400,sell
13:48:15,10.81,0.00,0.01,99,107019,buy
13:48:12,10.8,-0.09,0.0,685,739800,sell
13:48:09,10.8,-0.09,0.0,15,17064,sell
13:48:06,10.8,-0.09,0.0,185,199800,sell
13:48:03,10.8,-0.09,0.0,250,270000,sell
13:48:00,10.8,-0.09,-0.01,107,115560,sell
13:47:57,10.81,0.00,0.0,8,8648,buy
13:47:54,10.81,0.00,0.0,159,171879,buy
13:47:51,10.81,0.00,0.0,14,15134,buy
13:47:48,10.81,0.00,0.0,3462,3742422,buy
13:47:45,10.81,0.00,0.0,27,29187,buy
13:47:42,10.81,0.00,0.0,101,109181,buy
13:47:39,10.81,0.00,-0.01,8964,9690765,sell
13:47:36,10.82,+0.09,0.0,852,921864,sell
13:47:33,10.82,+0.09,0.0,350,378700,sell
13:47:30,10.82,+0.09,-0.01,2,2164,sell
13:47:27,10.83,+0.19,0.0,2,2166,buy
13:47:24,10.83,+0.19,0.0,14,15162,buy
13:47:21,10.83,+0.19,0.0,162,175446,buy
13:47:18,10.83,+0.19,0.0,4,4332,buy
13:47:15,10.83,+0.19,0.0,1,1083,buy
13:47:12,10.83,+0.19,0.0,69,74727,buy
13:47:09,10.83,+0.19,0.01,500,541500,buy
13:47:06,10.82,+0.09,0.0,68,74442,sell
13:47:03,10.82,+0.09,-0.01,900,973800,sell
13:47:00,10.83,+0.19,0.0,48,51984,buy
13:46:57,10.83,+0.19,0.01,39,42237,buy
13:46:54,10.82,+0.09,0.0,24,25968,sell
13:46:51,10.82,+0.09,-0.01,80,86560,sell
13:46:48,10.83,+0.19,0.0,151,163533,buy
13:46:45,10.83,+0.19,0.0,15,16245,buy
13:46:42,10.83,+0.19,0.0,245,265335,buy
13:46:39,10.83,+0.19,0.0,37,40071,buy
13:46:36,10.83,+0.19,0.0,54,58482,buy
13:46:33,10.83,+0.19,0.0,1,1083,buy
13:46:30,10.83,+0.19,0.0,37,40071,buy
13:46:27,10.83,+0.19,0.0,30,32490,buy
13:46:24,10.83,+0.19,0.0,2,2166,buy
13:46:21,10.83,+0.19,0.0,25,27075,sell
13:46:18,10.83,+0.19,0.0,19,20577,buy
13:46:15,10.83,+0.19,-0.01,106,114798,sell
13:46:12,10.84,+0.28,0.01,205,222220,buy
13:46:09,10.83,+0.19,-0.01,7,7581,sell
13:46:06,10.84,+0.28,0.02,2,2168,buy
13:46:03,10.82,+0.09,-0.01,659,713038,sell
13:46:00,10.83,+0.19,0.01,452,490144,buy
13:45:57,10.82,+0.09,-0.01,301,325682,sell
13:45:54,10.83,+0.19,0.01,15,16245,buy
13:45:51,10.82,+0.09,-0.01,34,36788,sell
13:45:48,10.83,+0.19,0.0,100,108300,buy
13:45:45,10.83,+0.19,0.0,27,29241,buy
13:45:42,10.83,+0.19,0.01,34,36822,buy
13:45:39,10.82,+0.09,0.0,4,4328,sell
13:45:36,10.82,+0.09,0.0,29,31378,norm
13:45:36,10.82,+0.09,-0.01,29,31378,sell
13:45:33,10.83,+0.19,0.0,104,112632,buy
13:45:30,10.83,+0.19,0.01,27,29241,buy
13:45:27,10.82,+0.09,0.0,9,9954,sell
13:45:24,10.82,+0.09,-0.01,40,43280,sell
13:45:21,10.83,+0.19,0.01,14,15162,buy
13:45:18,10.82,+0.09,-0.01,539,583847,sell
13:45:15,10.83,+0.19,0.01,153,165699,buy
13:45:12,10.82,+0.09,-0.01,45,48690,sell
13:45:06,10.83,+0.19,0.01,16,17328,buy
13:45:03,10.82,+0.09,-0.01,49,53018,sell
13:45:00,10.83,+0.19,0.0,20,21660,buy
13:44:57,10.83,+0.19,0.0,4,4332,buy
13:44:54,10.83,+0.19,0.01,889,963220,buy
13:44:51,10.82,+0.09,0.0,59,63838,sell
13:44:48,10.82,+0.09,-0.01,174,188268,sell
13:44:45,10.83,+0.19,0.01,34,36822,buy
13:44:42,10.82,+0.09,-0.01,7,7574,sell
13:44:39,10.83,+0.19,0.0,1,1083,buy
13:44:36,10.83,+0.19,0.01,19,20577,buy
13:44:30,10.82,+0.09,-0.01,61,66002,sell
13:44:27,10.83,+0.19,0.0,54,58482,buy
13:44:24,10.83,+0.19,0.0,2,2166,buy
13:44:21,10.83,+0.19,0.01,29,31407,buy
13:44:18,10.82,+0.09,-0.01,9,9738,sell
13:44:15,10.83,+0.19,0.01,4,4332,buy
13:44:12,10.82,+0.09,0.0,27,29214,sell
13:44:09,10.82,+0.09,0.0,122,132004,sell
13:44:06,10.82,+0.09,0.0,99,107118,sell
13:44:03,10.82,+0.09,-0.01,19,20558,sell
13:44:00,10.83,+0.19,0.0,596,645468,buy
13:43:57,10.83,+0.19,0.0,19,20577,buy
13:43:54,10.83,+0.19,0.01,237,256671,buy
13:43:51,10.82,+0.09,0.0,90,97380,sell
13:43:48,10.82,+0.09,-0.01,35,37870,sell
13:43:45,10.83,+0.19,0.01,10,10830,buy
13:43:42,10.82,+0.09,-0.01,682,737924,sell
13:43:39,10.83,+0.19,0.01,128,138624,buy
13:43:36,10.82,+0.09,0.0,11,11902,sell
13:43:33,10.82,+0.09,-0.01,303,327846,sell
13:43:30,10.83,+0.19,0.0,3,3249,buy
13:43:27,10.83,+0.19,0.01,2,2166,buy
13:43:24,10.82,+0.09,0.0,210,227220,sell
13:43:21,10.82,+0.09,0.0,56,60592,sell
13:43:18,10.82,+0.09,-0.01,7,7574,sell
13:43:15,10.83,+0.19,0.0,7,8231,buy
13:43:12,10.83,+0.19,0.01,16,17328,buy
13:43:09,10.82,+0.09,-0.01,126,137198,sell
13:43:06,10.83,+0.19,0.01,433,468939,buy
13:43:03,10.82,+0.09,-0.01,308,333256,sell
13:43:00,10.83,+0.19,0.0,36,38988,buy
13:42:57,10.83,+0.19,0.0,9,9747,buy
13:42:51,10.83,+0.19,0.0,1,1083,buy
13:42:48,10.83,+0.19,0.0,2,2166,buy
13:42:45,10.83,+0.19,0.0,3,3249,buy
13:42:42,10.83,+0.19,0.0,53,57399,sell
13:42:39,10.83,+0.19,-0.01,30,32490,sell
13:42:36,10.84,+0.28,0.01,22,23848,buy
13:42:33,10.83,+0.19,0.0,14,15162,sell
13:42:30,10.83,+0.19,0.0,51,55233,norm
13:42:30,10.83,+0.19,0.0,51,55233,sell
13:42:27,10.83,+0.19,0.0,21,22743,sell
13:42:21,10.83,+0.19,0.0,28,30324,sell
13:42:18,10.83,+0.19,-0.01,55,59565,sell
13:42:15,10.84,+0.28,0.01,4,4336,buy
13:42:12,10.83,+0.19,0.0,76,82308,sell
13:42:09,10.83,+0.19,0.0,3,3249,sell
13:42:06,10.83,+0.19,0.0,66,71478,sell
13:42:03,10.83,+0.19,-0.01,73,79059,sell
13:42:00,10.84,+0.28,0.01,2,2168,buy
13:41:57,10.83,+0.19,-0.01,71,76893,sell
13:41:54,10.84,+0.28,0.01,15,16260,buy
13:41:51,10.83,+0.19,-0.01,8,8664,sell
13:41:48,10.84,+0.28,0.0,15,16260,buy
13:41:45,10.84,+0.28,0.02,72,78048,buy
13:41:42,10.82,+0.09,0.0,3043,3292732,sell
13:41:39,10.82,+0.09,-0.01,742,802844,sell
13:41:36,10.83,+0.19,0.0,1,1083,buy
13:41:33,10.83,+0.19,0.0,132,142956,buy
13:41:30,10.83,+0.19,0.0,32,34656,buy
13:41:27,10.83,+0.19,0.0,62,67146,buy
13:41:24,10.83,+0.19,0.01,221,239343,buy
13:41:21,10.82,+0.09,0.0,11,11902,sell
13:41:18,10.82,+0.09,-0.01,51,55182,sell
13:41:15,10.83,+0.19,0.01,196,212268,buy
13:41:12,10.82,+0.09,-0.01,24,25968,sell
13:41:09,10.83,+0.19,0.0,456,493848,buy
13:41:06,10.83,+0.19,0.01,91,98553,buy
13:41:03,10.82,+0.09,0.0,1473,1593786,sell
13:41:00,10.82,+0.09,0.0,67,72494,sell
13:40:57,10.82,+0.09,0.0,162,175284,sell
13:40:54,10.82,+0.09,-0.01,33,35922,sell
13:40:51,10.83,+0.19,0.01,73,79059,buy
13:40:48,10.82,+0.09,-0.01,334,361388,sell
13:40:45,10.83,+0.19,0.01,162,175446,buy
13:40:42,10.82,+0.09,-0.01,87,94134,sell
13:40:39,10.83,+0.19,0.01,110,119130,buy
13:40:36,10.82,+0.09,0.0,504,545328,sell
13:40:33,10.82,+0.09,-0.01,491,531262,sell
13:40:30,10.83,+0.19,0.0,84,90972,buy
13:40:27,10.83,+0.19,0.0,723,783009,buy
13:40:24,10.83,+0.19,0.0,19,20577,buy
13:40:21,10.83,+0.19,0.01,20,21660,buy
13:40:18,10.82,+0.09,0.0,68,73576,sell
13:40:15,10.82,+0.09,-0.01,89,96298,sell
13:40:12,10.83,+0.19,0.0,31,33573,buy
13:40:09,10.83,+0.19,0.0,97,105051,buy
13:40:06,10.83,+0.19,0.0,55,59565,buy
13:40:03,10.83,+0.19,0.0,20,21660,buy
13:40:00,10.83,+0.19,0.01,310,335730,buy
13:39:57,10.82,+0.09,0.0,23,24886,sell
13:39:54,10.82,+0.09,0.0,20,21640,buy
13:39:51,10.82,+0.09,-0.01,140,151480,sell
13:39:48,10.83,+0.19,0.0,1,1083,buy
13:39:45,10.83,+0.19,0.02,4,4332,buy
13:39:42,10.81,0.00,-0.01,34,36754,sell
13:39:39,10.82,+0.09,0.0,597,645954,buy
13:39:36,10.82,+0.09,0.01,1,1082,buy
13:39:33,10.81,0.00,0.0,873,943713,sell
13:39:30,10.81,0.00,0.0,41,44321,sell
13:39:27,10.81,0.00,0.0,8,8648,sell
13:39:24,10.81,0.00,0.0,96,103992,norm
13:39:24,10.81,0.00,0.0,96,103992,sell
13:39:21,10.81,0.00,0.0,19,20539,sell
13:39:18,10.81,0.00,0.0,11,11891,sell
13:39:15,10.81,0.00,0.0,380,410780,sell
13:39:12,10.81,0.00,0.0,413,447037,buy
13:39:09,10.81,0.00,0.0,60,64860,buy
13:39:06,10.81,0.00,0.01,6,6486,buy
13:39:03,10.8,-0.09,-0.01,39,42120,sell
13:39:00,10.81,0.00,0.01,17,18377,buy
13:38:57,10.8,-0.09,-0.01,8,8640,sell
13:38:54,10.81,0.00,-0.01,1823,1971160,sell
13:38:51,10.82,+0.09,0.0,14,15148,buy
13:38:48,10.82,+0.09,0.0,63,68166,buy
13:38:45,10.82,+0.09,0.01,286,309452,buy
13:38:42,10.81,0.00,0.0,82,88642,sell
13:38:39,10.81,0.00,0.0,124,134314,sell
13:38:36,10.81,0.00,0.0,31,33511,sell
13:38:33,10.81,0.00,0.0,273,295113,sell
13:38:30,10.81,0.00,0.0,464,501584,sell
13:38:27,10.81,0.00,0.0,16,17296,sell
13:38:24,10.81,0.00,-0.01,24,25944,sell
13:38:21,10.82,+0.09,0.0,149,161218,buy
13:38:18,10.82,+0.09,0.0,3,3246,buy
13:38:15,10.82,+0.09,0.01,55,59510,buy
13:38:12,10.81,0.00,0.0,88,95128,sell
13:38:09,10.81,0.00,-0.01,837,904797,sell
13:38:06,10.82,+0.09,0.0,29,31378,sell
13:38:03,10.82,+0.09,0.0,897,971517,buy
13:38:00,10.82,+0.09,0.0,51,55182,buy
13:37:57,10.82,+0.09,0.01,304,328928,buy
13:37:54,10.81,0.00,0.0,26,28106,sell
13:37:51,10.81,0.00,0.0,118,127558,sell
13:37:48,10.81,0.00,-0.01,115,124315,sell
13:37:45,10.82,+0.09,0.0,87,94134,buy
13:37:42,10.82,+0.09,0.01,565,611330,buy
13:37:39,10.81,0.00,-0.01,3,3243,sell
13:37:36,10.82,+0.09,0.01,92,99544,buy
13:37:33,10.81,0.00,-0.01,55,59455,sell
13:37:30,10.82,+0.09,0.0,47,51287,buy
13:37:27,10.82,+0.09,0.0,17,18394,buy
13:37:24,10.82,+0.09,0.0,11,11902,buy
13:37:21,10.82,+0.09,0.01,85,91970,buy
13:37:18,10.81,0.00,-0.01,82,88642,sell
13:37:15,10.82,+0.09,0.0,66,71412,buy
13:37:12,10.82,+0.09,0.0,1,1082,buy
13:37:09,10.82,+0.09,0.01,3,3246,buy
13:37:06,10.81,0.00,0.0,405,437805,buy
13:37:03,10.81,0.00,-0.01,37,39997,buy
13:37:00,10.82,+0.09,0.01,722,781323,buy
13:36:57,10.81,0.00,0.0,619,669139,sell
13:36:54,10.81,0.00,0.0,48,51888,sell
13:36:48,10.81,0.00,-0.01,688,743728,sell
13:36:45,10.82,+0.09,0.01,1019,1102558,buy
13:36:42,10.81,0.00,0.0,846,914526,sell
13:36:39,10.81,0.00,0.0,245,264845,sell
13:36:36,10.81,0.00,-0.01,88,96090,sell
13:36:33,10.82,+0.09,0.01,331,358142,buy
13:36:30,10.81,0.00,0.0,28,30268,sell
13:36:27,10.81,0.00,-0.01,225,243225,sell
13:36:24,10.82,+0.09,0.0,11,11902,buy
13:36:21,10.82,+0.09,0.0,24,25968,buy
13:36:18,10.82,+0.09,0.0,31,33542,buy
13:36:18,10.82,+0.09,0.0,31,33542,norm
13:36:18,10.82,+0.09,0.01,31,33542,norm
13:36:15,10.81,0.00,-0.01,1893,2046333,sell
13:36:12,10.82,+0.09,0.0,19,20558,sell
13:36:09,10.82,+0.09,0.0,53,57346,sell
13:36:06,10.82,+0.09,0.0,314,339748,sell
13:36:03,10.82,+0.09,-0.01,53,57346,sell
13:36:00,10.83,+0.19,0.0,20,21660,buy
13:35:57,10.83,+0.19,0.0,1297,1404651,sell
13:35:54,10.83,+0.19,-0.01,5,5415,sell
13:35:51,10.84,+0.28,0.0,743,805412,sell
13:35:48,10.84,+0.28,-0.01,120,130080,sell
13:35:45,10.85,+0.37,0.01,458,496930,buy
13:35:42,10.84,+0.28,-0.01,276,299184,sell
13:35:39,10.85,+0.37,0.01,26,28210,buy
13:35:36,10.84,+0.28,0.0,158,171489,sell
13:35:33,10.84,+0.28,0.0,26,28184,sell
13:35:30,10.84,+0.28,0.0,1,1084,sell
13:35:27,10.84,+0.28,0.0,392,424928,sell
13:35:24,10.84,+0.28,0.0,484,524656,sell
13:35:18,10.84,+0.28,-0.01,9,9756,sell
13:35:15,10.85,+0.37,0.01,86,93310,buy
13:35:12,10.84,+0.28,0.0,31,33604,sell
13:35:09,10.84,+0.28,0.0,514,557176,sell
13:35:06,10.84,+0.28,0.0,109,118156,sell
13:35:03,10.84,+0.28,-0.01,32,34688,sell
13:35:00,10.85,+0.37,0.0,29,32333,buy
13:34:57,10.85,+0.37,0.01,1,1085,buy
13:34:54,10.84,+0.28,-0.01,10,10840,sell
13:34:48,10.85,+0.37,0.0,4,4340,buy
13:34:45,10.85,+0.37,0.0,91,98735,buy
13:34:42,10.85,+0.37,0.0,36,40091,sell
13:34:39,10.85,+0.37,-0.01,177,192045,sell
13:34:36,10.86,+0.46,0.0,1,1086,buy
13:34:33,10.86,+0.46,0.01,3,3258,buy
13:34:30,10.85,+0.37,0.0,2,2170,sell
13:34:27,10.85,+0.37,-0.01,1226,1331176,sell
13:34:24,10.86,+0.46,0.0,117,127062,buy
13:34:21,10.86,+0.46,0.01,20,21720,buy
13:34:18,10.85,+0.37,-0.01,872,946120,sell
13:34:15,10.86,+0.46,0.0,4,4344,buy
13:34:12,10.86,+0.46,0.0,60,65160,buy
13:34:09,10.86,+0.46,0.01,9,9774,buy
13:34:06,10.85,+0.37,-0.01,65,70525,sell
13:34:03,10.86,+0.46,0.0,4,4344,sell
13:34:00,10.86,+0.46,0.0,38,41268,sell
13:33:57,10.86,+0.46,0.0,49,53214,sell
13:33:54,10.86,+0.46,0.0,720,781920,buy
13:33:51,10.86,+0.46,0.0,7,7602,buy
13:33:48,10.86,+0.46,0.01,57,61902,buy
13:33:45,10.85,+0.37,0.0,16,17360,sell
13:33:42,10.85,+0.37,-0.01,24,26040,sell
13:33:39,10.86,+0.46,0.01,94,102084,buy
13:33:36,10.85,+0.37,-0.01,3,3255,sell
13:33:33,10.86,+0.46,0.0,73,79278,buy
13:33:30,10.86,+0.46,0.01,175,190050,buy
13:33:27,10.85,+0.37,0.0,8,8680,sell
13:33:24,10.85,+0.37,-0.01,8,8680,sell
13:33:21,10.86,+0.46,0.01,20,21720,buy
13:33:18,10.85,+0.37,-0.01,15,16275,sell
13:33:15,10.86,+0.46,0.0,187,203082,buy
13:33:12,10.86,+0.46,0.0,101,109686,buy
13:33:12,10.86,+0.46,0.0,101,109686,norm
13:33:12,10.86,+0.46,0.0,101,109686,buy
13:33:09,10.86,+0.46,0.0,8,8688,buy
13:33:06,10.86,+0.46,0.0,15,16290,buy
13:33:03,10.86,+0.46,0.01,821,891606,buy
13:33:00,10.85,+0.37,-0.01,8,8680,sell
13:32:57,10.86,+0.46,0.0,219,237834,sell
13:32:54,10.86,+0.46,0.0,10,10860,sell
13:32:51,10.86,+0.46,0.0,215,233490,sell
13:32:48,10.86,+0.46,0.0,114,123804,sell
13:32:45,10.86,+0.46,-0.01,213,231318,sell
13:32:42,10.87,+0.56,0.01,58,63046,buy
13:32:36,10.86,+0.46,-0.01,48,52128,sell
13:32:33,10.87,+0.56,0.0,56,60872,buy
13:32:30,10.87,+0.56,0.0,2,2174,buy
13:32:27,10.87,+0.56,0.01,7,7609,buy
13:32:24,10.86,+0.46,0.0,90,97740,sell
13:32:21,10.86,+0.46,-0.01,239,259554,sell
13:32:18,10.87,+0.56,0.0,17,18479,buy
13:32:15,10.87,+0.56,0.0,6,6522,buy
13:32:12,10.87,+0.56,0.01,24,26088,buy
13:32:09,10.86,+0.46,-0.01,17,18462,sell
13:32:06,10.87,+0.56,0.0,22,23914,buy
13:32:03,10.87,+0.56,0.01,129,140223,buy
13:32:00,10.86,+0.46,-0.01,10,10860,sell
13:31:57,10.87,+0.56,0.01,66,71959,buy
13:31:54,10.86,+0.46,0.0,36,39096,sell
13:31:51,10.86,+0.46,-0.01,30,32580,sell
13:31:48,10.87,+0.56,0.0,54,58698,buy
13:31:45,10.87,+0.56,0.01,220,239140,buy
13:31:42,10.86,+0.46,-0.01,101,109686,sell
13:31:39,10.87,+0.56,0.01,65,70655,buy
13:31:36,10.86,+0.46,-0.01,94,102084,sell
13:31:33,10.87,+0.56,0.0,12,13044,buy
13:31:30,10.87,+0.56,0.0,462,503064,buy
13:31:27,10.87,+0.56,0.02,42,45654,buy
13:31:24,10.85,+0.37,-0.01,296,321160,sell
13:31:21,10.86,+0.46,0.0,48,52128,sell
13:31:18,10.86,+0.46,0.0,59,64074,sell
13:31:15,10.86,+0.46,0.0,76,82536,sell
13:31:12,10.86,+0.46,-0.01,27,29322,sell
13:31:06,10.87,+0.56,0.01,227,247358,buy
13:31:03,10.86,+0.46,0.0,347,377320,sell
13:31:00,10.86,+0.46,-0.01,23,24978,sell
13:30:57,10.87,+0.56,0.01,1,1087,buy
13:30:54,10.86,+0.46,-0.01,105,114030,sell
13:30:51,10.87,+0.56,0.0,3,3261,buy
13:30:48,10.87,+0.56,0.0,275,298925,buy
13:30:45,10.87,+0.56,0.01,17,18479,buy
13:30:42,10.86,+0.46,0.0,132,143352,sell
13:30:39,10.86,+0.46,-0.01,41,44526,sell
13:30:36,10.87,+0.56,0.0,2,2174,buy
13:30:30,10.87,+0.56,0.0,99,107613,buy
13:30:27,10.87,+0.56,0.0,16,17392,buy
13:30:24,10.87,+0.56,0.0,1093,1188091,buy
13:30:21,10.87,+0.56,0.01,63,68481,buy
13:30:18,10.86,+0.46,-0.01,100,108600,sell
13:30:15,10.87,+0.56,0.0,460,500020,buy
13:30:12,10.87,+0.56,0.0,156,169572,buy
13:30:09,10.87,+0.56,0.01,10,10870,buy
13:30:06,10.86,+0.46,0.0,17,18462,sell
13:30:06,10.86,+0.46,0.0,17,18462,norm
13:30:06,10.86,+0.46,-0.01,17,18462,sell
13:30:03,10.87,+0.56,0.01,10,10870,buy
13:30:00,10.86,+0.46,-0.01,41,44917,sell
13:29:57,10.87,+0.56,0.01,105,114135,buy
13:29:54,10.86,+0.46,0.0,6,6516,sell
13:29:51,10.86,+0.46,-0.01,292,317112,sell
13:29:48,10.87,+0.56,0.0,955,1038085,buy
13:29:45,10.87,+0.56,0.01,4,4348,buy
13:29:42,10.86,+0.46,0.0,76,82536,sell
13:29:39,10.86,+0.46,0.0,905,983047,buy
13:29:36,10.86,+0.46,0.01,50,54300,buy
13:29:33,10.85,+0.37,0.0,580,629300,sell
13:29:30,10.85,+0.37,-0.01,134,145390,sell
13:29:27,10.86,+0.46,0.0,106,115116,buy
13:29:24,10.86,+0.46,0.0,97,105342,buy
13:29:21,10.86,+0.46,0.0,1,1086,buy
13:29:18,10.86,+0.46,0.01,22,23892,buy
13:29:15,10.85,+0.37,-0.01,8,8680,sell
13:29:12,10.86,+0.46,0.0,1,1086,buy
13:29:09,10.86,+0.46,0.01,52,56472,buy
13:29:06,10.85,+0.37,-0.01,82,88970,sell
13:29:03,10.86,+0.46,0.01,135,146610,buy
13:29:00,10.85,+0.37,0.0,13,14105,sell
13:28:57,10.85,+0.37,0.0,215,233275,sell
13:28:54,10.85,+0.37,-0.01,222,240870,sell
13:28:51,10.86,+0.46,0.0,1,1086,buy
13:28:48,10.86,+0.46,0.0,58,62988,buy
13:28:45,10.86,+0.46,0.01,11,11946,buy
13:28:42,10.85,+0.37,0.0,86,93310,sell
13:28:39,10.85,+0.37,-0.01,10,10850,sell
13:28:36,10.86,+0.46,0.01,38,41268,buy
13:28:33,10.85,+0.37,0.0,39,42315,sell
13:28:30,10.85,+0.37,-0.01,186,201810,sell
13:28:27,10.86,+0.46,0.0,11,11946,buy
13:28:24,10.86,+0.46,0.0,4,4344,buy
13:28:21,10.86,+0.46,0.0,12,13032,sell
13:28:18,10.86,+0.46,-0.01,42,45612,sell
13:28:15,10.87,+0.56,0.01,51,55437,buy
13:28:12,10.86,+0.46,0.0,17,18462,buy
13:28:09,10.86,+0.46,-0.01,94,102084,sell
13:28:06,10.87,+0.56,0.01,24,26088,buy
13:28:03,10.86,+0.46,0.01,207,224802,buy
13:28:00,10.85,+0.37,-0.01,108,117180,sell
13:27:57,10.86,+0.46,0.0,28,30408,buy
13:27:54,10.86,+0.46,0.0,11,11946,buy
13:27:51,10.86,+0.46,0.0,384,417024,sell
13:27:48,10.86,+0.46,0.0,25,27150,sell
13:27:45,10.86,+0.46,0.0,296,321456,buy
13:27:42,10.86,+0.46,0.0,109,118374,buy
13:27:39,10.86,+0.46,0.0,396,430056,buy
13:27:36,10.86,+0.46,0.0,3,3258,buy
13:27:33,10.86,+0.46,-0.01,223,242178,sell
13:27:30,10.87,+0.56,0.0,6,6522,buy
13:27:27,10.87,+0.56,0.01,26,28262,buy
13:27:24,10.86,+0.46,0.0,162,175932,sell
13:27:21,10.86,+0.46,0.0,6,6516,sell
13:27:18,10.86,+0.46,-0.01,8,8688,sell
13:27:15,10.87,+0.56,0.0,17,18479,buy
13:27:09,10.87,+0.56,0.01,7,7609,buy
13:27:06,10.86,+0.46,0.01,882,957852,norm
13:27:03,10.85,+0.37,-0.01,790,857150,sell
13:27:00,10.86,+0.46,0.0,18,19548,sell
13:27:00,10.86,+0.46,0.0,18,19548,norm
13:27:00,10.86,+0.46,-0.01,18,19548,sell
13:26:57,10.87,+0.56,0.01,47,51089,buy
13:26:54,10.86,+0.46,-0.01,10,10860,sell
13:26:51,10.87,+0.56,0.01,76,82612,buy
13:26:48,10.86,+0.46,-0.01,40,43440,sell
13:26:45,10.87,+0.56,0.0,1,1087,buy
13:26:42,10.87,+0.56,0.01,6,6522,buy
13:26:39,10.86,+0.46,0.0,35,38010,sell
13:26:36,10.86,+0.46,-0.01,16,17376,sell
13:26:33,10.87,+0.56,0.01,67,72829,buy
13:26:30,10.86,+0.46,-0.01,1,1086,sell
13:26:27,10.87,+0.56,0.01,10,10870,buy
13:26:24,10.86,+0.46,-0.01,77,83622,sell
13:26:21,10.87,+0.56,0.01,24,26088,buy
13:26:18,10.86,+0.46,-0.01,360,390960,sell
13:26:15,10.87,+0.56,0.0,319,346753,buy
13:26:12,10.87,+0.56,0.01,206,223922,buy
13:26:06,10.86,+0.46,-0.01,327,355122,sell
13:26:03,10.87,+0.56,0.01,60,65220,buy
13:26:00,10.86,+0.46,-0.01,101,109686,sell
13:25:57,10.87,+0.56,0.01,64,69568,buy
13:25:54,10.86,+0.46,0.0,164,178104,sell
13:25:51,10.86,+0.46,0.0,59,64074,sell
13:25:48,10.86,+0.46,-0.01,210,228060,sell
13:25:45,10.87,+0.56,0.0,3,3261,buy
13:25:42,10.87,+0.56,0.0,118,128266,buy
13:25:39,10.87,+0.56,0.0,86,93482,buy
13:25:36,10.87,+0.56,0.0,110,119570,buy
13:25:33,10.87,+0.56,0.01,43,46741,buy
13:25:30,10.86,+0.46,-0.01,57,61902,sell
13:25:27,10.87,+0.56,0.0,23,25001,buy
13:25:24,10.87,+0.56,0.0,57,61959,buy
13:25:21,10.87,+0.56,0.01,3,3261,buy
13:25:18,10.86,+0.46,0.0,49,53214,sell
13:25:15,10.86,+0.46,0.0,47,51042,sell
13:25:12,10.86,+0.46,0.0,20,21720,sell
13:25:09,10.86,+0.46,-0.01,80,86880,sell
13:25:06,10.87,+0.56,0.01,4,4348,buy
13:25:03,10.86,+0.46,-0.01,352,382489,sell
13:25:00,10.87,+0.56,0.01,25,27175,buy
13:24:57,10.86,+0.46,0.0,16,17376,sell
13:24:54,10.86,+0.46,0.0,21,22806,sell
13:24:51,10.86,+0.46,0.0,117,127062,sell
13:24:48,10.86,+0.46,0.0,71,77106,sell
13:24:45,10.86,+0.46,0.0,45,48870,sell
13:24:42,10.86,+0.46,-0.01,23,24978,sell
13:24:39,10.87,+0.56,0.0,46,50002,buy
13:24:36,10.87,+0.56,0.0,3,3261,buy
13:24:33,10.87,+0.56,0.01,32,34784,buy
13:24:30,10.86,+0.46,0.0,51,55386,sell
13:24:27,10.86,+0.46,0.0,35,38010,sell
13:24:24,10.86,+0.46,-0.01,22,23892,sell
13:24:21,10.87,+0.56,0.0,6,6522,buy
13:24:18,10.87,+0.56,0.0,164,178268,buy
13:24:15,10.87,+0.56,0.0,46,50002,buy
13:24:12,10.87,+0.56,0.0,62,67394,buy
13:24:09,10.87,+0.56,-0.01,166,180659,sell
13:24:06,10.88,+0.65,0.01,3,3264,buy
13:24:03,10.87,+0.56,0.0,50,54350,sell
13:24:00,10.87,+0.56,0.0,226,246532,buy
13:23:57,10.87,+0.56,0.0,103,111961,buy
13:23:54,10.87,+0.56,0.0,65,70872,buy
13:23:54,10.87,+0.56,0.0,65,70872,norm
13:23:54,10.87,+0.56,0.0,65,70872,sell
13:23:51,10.87,+0.56,0.01,656,713942,buy
13:23:48,10.86,+0.46,-0.01,215,233490,sell
13:23:45,10.87,+0.56,0.01,21,22827,buy
13:23:42,10.86,+0.46,-0.01,20,21720,sell
13:23:39,10.87,+0.56,0.0,83,90221,buy
13:23:36,10.87,+0.56,0.01,22,23914,buy
13:23:33,10.86,+0.46,0.0,670,727620,sell
13:23:30,10.86,+0.46,-0.01,53,57558,sell
13:23:27,10.87,+0.56,0.0,10,10870,buy
13:23:24,10.87,+0.56,0.01,53,57611,buy
13:23:21,10.86,+0.46,-0.01,63,68418,sell
13:23:18,10.87,+0.56,0.0,11,11957,buy
13:23:15,10.87,+0.56,0.01,184,200008,buy
13:23:12,10.86,+0.46,-0.01,105,114030,sell
13:23:09,10.87,+0.56,0.0,51,55437,buy
13:23:06,10.87,+0.56,0.01,59,64133,buy
13:23:03,10.86,+0.46,0.0,17,18462,sell
13:23:00,10.86,+0.46,-0.01,252,273672,sell
13:22:57,10.87,+0.56,0.0,32,34784,buy
13:22:54,10.87,+0.56,0.01,52,56524,buy
13:22:51,10.86,+0.46,0.0,76,82536,sell
13:22:48,10.86,+0.46,0.0,1,1086,sell
13:22:45,10.86,+0.46,-0.01,491,533226,sell
13:22:42,10.87,+0.56,0.0,80,86960,buy
13:22:39,10.87,+0.56,0.0,55,59785,buy
13:22:36,10.87,+0.56,0.0,1,1087,buy
13:22:33,10.87,+0.56,0.0,122,132614,buy
13:22:30,10.87,+0.56,0.0,80,86960,buy
13:22:27,10.87,+0.56,0.0,221,240227,buy
13:22:24,10.87,+0.56,0.0,279,303273,buy
13:22:21,10.87,+0.56,0.0,51,55437,buy
13:22:18,10.87,+0.56,0.01,1215,1320705,buy
13:22:15,10.86,+0.46,-0.01,6,6516,sell
13:22:12,10.87,+0.56,0.0,300,326100,buy
13:22:09,10.87,+0.56,0.0,101,109787,buy
13:22:06,10.87,+0.56,0.0,62,67394,buy
13:22:03,10.87,+0.56,0.01,625,679375,buy
13:22:00,10.86,+0.46,-0.02,272,295609,sell
13:21:57,10.88,+0.65,0.01,23,25024,buy
13:21:54,10.87,+0.56,0.0,68,73916,sell
13:21:51,10.87,+0.56,-0.01,91,98917,sell
13:21:48,10.88,+0.65,0.01,128,139264,buy
13:21:45,10.87,+0.56,0.0,30,32610,sell
13:21:42,10.87,+0.56,0.0,10,10870,sell
13:21:39,10.87,+0.56,0.0,109,118483,sell
13:21:36,10.87,+0.56,0.0,48,52176,sell
13:21:33,10.87,+0.56,0.0,51,55437,sell
13:21:30,10.87,+0.56,-0.01,39,42393,sell
13:21:27,10.88,+0.65,0.01,1637,1781056,buy
13:21:24,10.87,+0.56,-0.01,181,196747,sell
13:21:21,10.88,+0.65,0.01,39,42432,buy
13:21:18,10.87,+0.56,0.0,90,97830,sell
13:21:15,10.87,+0.56,0.0,61,66307,sell
13:21:12,10.87,+0.56,-0.01,54,58698,sell
13:21:09,10.88,+0.65,0.0,66,71808,buy
13:21:06,10.88,+0.65,0.01,24,26112,buy
13:21:03,10.87,+0.56,0.0,592,643504,sell
13:21:00,10.87,+0.56,-0.01,53,58481,sell
13:20:57,10.88,+0.65,0.01,11,11968,buy
13:20:54,10.87,+0.56,-0.01,105,114135,sell
13:20:51,10.88,+0.65,0.01,104,113152,buy
13:20:48,10.87,+0.56,0.0,49,53263,sell
13:20:48,10.87,+0.56,0.0,49,53263,norm
13:20:48,10.87,+0.56,-0.01,49,53263,sell
13:20:45,10.88,+0.65,0.01,121,131648,buy
13:20:42,10.87,+0.56,-0.01,36,39132,sell
13:20:39,10.88,+0.65,0.01,4,4352,buy
13:20:36,10.87,+0.56,0.0,312,339144,sell
13:20:33,10.87,+0.56,0.0,7,7609,sell
13:20:30,10.87,+0.56,0.01,423,459801,buy
13:20:27,10.86,+0.46,-0.01,23,24978,sell
13:20:24,10.87,+0.56,0.01,1365,1483755,buy
13:20:21,10.86,+0.46,0.0,42,45612,sell
13:20:18,10.86,+0.46,-0.01,82,89052,sell
13:20:15,10.87,+0.56,0.0,90,97830,buy
13:20:12,10.87,+0.56,0.01,15,16305,buy
13:20:09,10.86,+0.46,0.0,171,186140,buy
13:20:06,10.86,+0.46,0.0,137,148782,buy
13:20:03,10.86,+0.46,0.01,51,55386,buy
13:20:00,10.85,+0.37,-0.01,108,117180,sell
13:19:57,10.86,+0.46,0.0,71,77106,buy
13:19:54,10.86,+0.46,0.0,144,156384,buy
13:19:51,10.86,+0.46,0.01,42,45612,buy
13:19:48,10.85,+0.37,-0.01,14,15190,sell
13:19:45,10.86,+0.46,0.0,6,7168,sell
13:19:42,10.86,+0.46,0.0,271,294306,sell
13:19:39,10.86,+0.46,-0.01,88,95568,sell
13:19:36,10.87,+0.56,0.01,76,82612,buy
13:19:33,10.86,+0.46,-0.01,44,47784,sell
13:19:30,10.87,+0.56,0.0,109,118483,buy
13:19:27,10.87,+0.56,0.0,25,27175,buy
13:19:24,10.87,+0.56,0.0,41,44567,buy
13:19:21,10.87,+0.56,0.01,65,70655,buy
13:19:18,10.86,+0.46,-0.01,139,150954,sell
13:19:15,10.87,+0.56,0.0,219,238053,buy
13:19:12,10.87,+0.56,0.0,64,69568,buy
13:19:09,10.87,+0.56,0.0,440,478280,buy
13:19:06,10.87,+0.56,0.0,9,9783,buy
13:19:03,10.87,+0.56,0.01,25,27175,buy
13:19:00,10.86,+0.46,0.0,533,578838,sell
13:18:57,10.86,+0.46,0.0,65,70590,sell
13:18:54,10.86,+0.46,0.0,10,10860,sell
13:18:51,10.86,+0.46,0.0,5,5430,sell
13:18:48,10.86,+0.46,-0.01,33,35838,sell
13:18:45,10.87,+0.56,0.01,137,149354,buy
13:18:42,10.86,+0.46,0.0,132,143352,buy
13:18:39,10.86,+0.46,0.0,8,8688,buy
13:18:36,10.86,+0.46,0.0,17,18462,buy
13:18:33,10.86,+0.46,0.0,129,140094,buy
13:18:30,10.86,+0.46,0.01,56,60816,buy
13:18:27,10.85,+0.37,-0.01,109,118265,sell
13:18:24,10.86,+0.46,0.01,18,19548,buy
13:18:21,10.85,+0.37,0.0,52,56420,sell
13:18:15,10.85,+0.37,0.0,502,544670,buy
13:18:12,10.85,+0.37,0.0,29,31465,buy
13:18:09,10.85,+0.37,0.01,8,8680,buy
13:18:06,10.84,+0.28,0.01,418,453719,buy
13:18:03,10.83,+0.19,0.0,61,66063,sell
13:18:00,10.83,+0.19,-0.01,35,37905,sell
13:17:57,10.84,+0.28,0.0,69,74796,buy
13:17:54,10.84,+0.28,0.01,97,105148,buy
13:17:51,10.83,+0.19,0.01,463,501862,buy
13:17:48,10.82,+0.09,-0.01,148,160136,sell
13:17:45,10.83,+0.19,0.01,161,174363,buy
13:17:42,10.82,+0.09,0.0,33,35706,sell
13:17:42,10.82,+0.09,0.0,33,35706,norm
13:17:42,10.82,+0.09,-0.01,33,35706,sell
13:17:39,10.83,+0.19,0.01,48,51984,buy
13:17:36,10.82,+0.09,0.0,2,2164,sell
13:17:33,10.82,+0.09,0.01,743,804186,buy
13:17:30,10.81,0.00,-0.01,129,139449,sell
13:17:27,10.82,+0.09,0.01,44,47608,buy
13:17:24,10.81,0.00,-0.01,261,282141,sell
13:17:21,10.82,+0.09,0.01,2,2164,buy
13:17:18,10.81,0.00,-0.01,44,47564,sell
13:17:15,10.82,+0.09,0.01,1,1082,buy
13:17:12,10.81,0.00,0.0,43,46483,sell
13:17:09,10.81,0.00,0.0,35,37835,sell
13:17:06,10.81,0.00,0.01,1361,1471241,buy
13:17:03,10.8,-0.09,0.0,9,9720,sell
13:17:00,10.8,-0.09,0.0,309,333720,sell
13:16:57,10.8,-0.09,-0.01,36,38880,sell
13:16:54,10.81,0.00,0.0,20,21620,buy
13:16:51,10.81,0.00,0.01,142,153502,buy
13:16:48,10.8,-0.09,-0.02,3827,4133160,sell
13:16:45,10.82,+0.09,0.0,22,23804,buy
13:16:42,10.82,+0.09,0.0,132,142824,buy
13:16:39,10.82,+0.09,0.01,127,137414,buy
13:16:36,10.81,0.00,0.0,16,17296,sell
13:16:33,10.81,0.00,-0.01,10,10810,norm
13:16:30,10.82,+0.09,0.0,704,761728,buy
13:16:27,10.82,+0.09,0.0,1,1082,buy
13:16:24,10.82,+0.09,0.0,354,383028,buy
13:16:21,10.82,+0.09,0.01,143,154856,buy
13:16:18,10.81,0.00,0.0,504,544824,buy
13:16:15,10.81,0.00,0.01,72,77832,buy
13:16:12,10.8,-0.09,-0.01,85,91800,sell
13:16:09,10.81,0.00,0.0,183,197823,buy
13:16:06,10.81,0.00,0.0,816,882096,buy
13:16:03,10.81,0.00,0.01,4,4324,buy
13:16:00,10.8,-0.09,0.0,37,39960,sell
13:15:57,10.8,-0.09,-0.01,275,297000,sell
13:15:54,10.81,0.00,0.0,40,43240,sell
13:15:51,10.81,0.00,0.01,131,141611,buy
13:15:48,10.8,-0.09,-0.02,53,57240,sell
13:15:45,10.82,+0.09,0.01,353,381946,buy
13:15:42,10.81,0.00,0.0,48,51888,sell
13:15:39,10.81,0.00,0.0,98,105938,sell
13:15:36,10.81,0.00,0.0,153,165393,sell
13:15:33,10.81,0.00,0.01,239,258705,buy
13:15:30,10.8,-0.09,0.0,92,99360,sell
13:15:27,10.8,-0.09,-0.01,144,155520,sell
13:15:24,10.81,0.00,0.01,495,535095,buy
13:15:21,10.8,-0.09,0.01,145,157032,norm
13:15:18,10.79,-0.19,0.0,2796,3016884,sell
13:15:15,10.79,-0.19,0.0,47,50713,sell
13:15:12,10.79,-0.19,0.0,11,11869,sell
13:15:09,10.79,-0.19,-0.01,74,79846,sell
13:15:06,10.8,-0.09,0.0,171,184680,buy
13:15:03,10.8,-0.09,0.0,68,73440,buy
13:15:00,10.8,-0.09,-0.01,2257,2438510,sell
13:14:57,10.81,0.00,-0.01,486,525366,sell
13:14:54,10.82,+0.09,0.0,42,45444,buy
13:14:51,10.82,+0.09,0.01,128,138496,buy
13:14:48,10.81,0.00,0.0,115,124315,sell
13:14:45,10.81,0.00,-0.01,142,153502,sell
13:14:42,10.82,+0.09,0.0,402,434964,buy
13:14:39,10.82,+0.09,0.0,840,908880,buy
13:14:36,10.82,+0.09,0.0,401,433882,buy
13:14:36,10.82,+0.09,0.0,401,433882,norm
13:14:36,10.82,+0.09,0.0,401,433882,buy
13:14:33,10.82,+0.09,0.01,145,156890,buy
13:14:30,10.81,0.00,0.0,1297,1402057,sell
13:14:27,10.81,0.00,0.0,2782,3007472,buy
13:14:24,10.81,0.00,0.01,1072,1158832,buy
13:14:21,10.8,-0.09,0.0,265,286632,sell
13:14:18,10.8,-0.09,0.0,106,114847,buy
13:14:15,10.8,-0.09,-0.01,602,650873,sell
13:14:12,10.81,0.00,0.01,316,341964,buy
13:14:09,10.8,-0.09,0.0,558,602921,sell
13:14:06,10.8,-0.09,0.0,347,374760,sell
13:14:03,10.8,-0.09,0.0,304,328320,sell
13:14:00,10.8,-0.09,0.0,168,181440,sell
13:13:57,10.8,-0.09,-0.01,429,463320,sell
13:13:54,10.81,0.00,0.01,638,689678,buy
13:13:51,10.8,-0.09,0.0,892,963360,sell
13:13:48,10.8,-0.09,0.0,83,89640,sell
13:13:45,10.8,-0.09,0.0,514,555120,sell
13:13:42,10.8,-0.09,-0.01,240,259200,sell
13:13:39,10.81,0.00,0.0,1314,1420434,sell
13:13:36,10.81,0.00,0.0,431,465911,sell
13:13:33,10.81,0.00,0.0,919,993439,buy
13:13:30,10.81,0.00,0.0,2066,2233346,sell
13:13:27,10.81,0.00,-0.01,1575,1702575,sell
13:13:24,10.82,+0.09,0.01,547,591854,buy
13:13:21,10.81,0.00,0.0,328,354568,sell
13:13:18,10.81,0.00,0.0,250,270250,sell
13:13:15,10.81,0.00,0.0,122,131882,sell
13:13:12,10.81,0.00,0.0,85,91885,sell
13:13:09,10.81,0.00,0.0,337,364297,sell
13:13:06,10.81,0.00,-0.01,1264,1366384,sell
13:13:03,10.82,+0.09,0.0,262,283484,sell
13:13:00,10.82,+0.09,0.0,83,89806,sell
13:12:57,10.82,+0.09,-0.01,418,452276,sell
13:12:54,10.83,+0.19,0.01,249,269667,buy
13:12:51,10.82,+0.09,-0.01,126,136332,sell
13:12:48,10.83,+0.19,0.01,105,113715,buy
13:12:45,10.82,+0.09,0.0,57,61674,sell
13:12:42,10.82,+0.09,0.0,821,888322,sell
13:12:39,10.82,+0.09,0.0,333,360306,sell
13:12:36,10.82,+0.09,0.0,637,689234,sell
13:12:33,10.82,+0.09,0.0,50,54100,sell
13:12:30,10.82,+0.09,0.0,108,116856,sell
13:12:27,10.82,+0.09,0.0,78,84396,sell
13:12:24,10.82,+0.09,0.0,160,173120,sell
13:12:21,10.82,+0.09,0.0,84,90888,sell
13:12:18,10.82,+0.09,-0.01,94,101708,sell
13:12:15,10.83,+0.19,0.0,75,81225,buy
13:12:12,10.83,+0.19,0.0,475,514425,sell
13:12:09,10.83,+0.19,0.0,114,123462,sell
13:12:06,10.83,+0.19,0.0,1075,1164225,sell
13:12:03,10.83,+0.19,0.0,904,979032,sell
13:12:00,10.83,+0.19,0.0,269,291327,sell
13:11:57,10.83,+0.19,-0.01,157,170031,sell
13:11:54,10.84,+0.28,0.01,64,69376,buy
13:11:51,10.83,+0.19,0.0,736,797088,sell
13:11:48,10.83,+0.19,0.0,76,82308,sell
13:11:45,10.83,+0.19,0.0,11,11913,sell
13:11:42,10.83,+0.19,0.0,1005,1088415,sell
13:11:39,10.83,+0.19,0.0,287,310821,sell
13:11:36,10.83,+0.19,0.0,245,265335,sell
13:11:33,10.83,+0.19,0.0,158,171114,sell
13:11:30,10.83,+0.19,0.0,209,226347,sell
13:11:30,10.83,+0.19,0.0,209,226347,norm
13:11:30,10.83,+0.19,0.0,209,226347,sell
13:11:27,10.83,+0.19,-0.01,107,115881,sell
13:11:24,10.84,+0.28,0.01,118,127912,buy
13:11:21,10.83,+0.19,-0.01,214,231762,sell
13:11:18,10.84,+0.28,0.0,13,14092,buy
13:11:15,10.84,+0.28,0.0,4,4336,buy
13:11:12,10.84,+0.28,0.01,9,9756,buy
13:11:09,10.83,+0.19,-0.02,4085,4424488,sell
13:11:06,10.85,+0.37,0.0,111,120435,buy
13:11:03,10.85,+0.37,0.0,45,48825,buy
13:11:00,10.85,+0.37,0.01,24,26040,buy
13:10:57,10.84,+0.28,-0.01,153,165852,sell
13:10:54,10.85,+0.37,0.0,25,27125,buy
13:10:51,10.85,+0.37,0.0,63,68355,buy
13:10:48,10.85,+0.37,0.01,30,32550,buy
13:10:45,10.84,+0.28,0.0,422,457448,sell
13:10:42,10.84,+0.28,-0.01,40,43360,sell
13:10:39,10.85,+0.37,0.0,92,99820,buy
13:10:36,10.85,+0.37,0.0,8,8680,buy
13:10:33,10.85,+0.37,0.0,156,169260,buy
13:10:30,10.85,+0.37,0.0,6,6510,buy
13:10:27,10.85,+0.37,0.0,42,45570,buy
13:10:24,10.85,+0.37,0.0,355,385197,sell
13:10:21,10.85,+0.37,0.0,607,658595,sell
13:10:15,10.85,+0.37,0.0,117,126945,sell
13:10:12,10.85,+0.37,0.0,255,276675,sell
13:10:09,10.85,+0.37,0.0,27,29295,sell
13:10:06,10.85,+0.37,-0.01,56,60760,sell
13:10:03,10.86,+0.46,0.01,110,119460,buy
13:10:00,10.85,+0.37,-0.01,29,31465,sell
13:09:57,10.86,+0.46,-0.01,731,793953,sell
13:09:54,10.87,+0.56,0.01,568,617416,buy
13:09:51,10.86,+0.46,0.0,1,1086,sell
13:09:48,10.86,+0.46,0.0,36,39096,sell
13:09:45,10.86,+0.46,0.0,88,95568,sell
13:09:42,10.86,+0.46,-0.01,4,4344,sell
13:09:39,10.87,+0.56,0.0,18,19566,buy
13:09:36,10.87,+0.56,0.01,1,1087,buy
13:09:33,10.86,+0.46,0.0,1000,1086000,sell
13:09:30,10.86,+0.46,-0.01,124,134664,sell
13:09:27,10.87,+0.56,0.0,6,6522,buy
13:09:24,10.87,+0.56,0.0,13,14131,buy
13:09:21,10.87,+0.56,0.0,167,181529,buy
13:09:18,10.87,+0.56,0.01,243,264141,buy
13:09:15,10.86,+0.46,-0.01,100,108600,sell
13:09:12,10.87,+0.56,0.01,31,33697,buy
13:09:06,10.86,+0.46,-0.01,139,150954,sell
13:09:03,10.87,+0.56,0.01,83,90221,buy
13:09:00,10.86,+0.46,-0.01,16,17376,sell
13:08:57,10.87,+0.56,0.0,39,42393,buy
13:08:54,10.87,+0.56,0.0,201,218487,buy
13:08:51,10.87,+0.56,0.0,31,33697,buy
13:08:45,10.87,+0.56,0.0,51,55437,buy
13:08:42,10.87,+0.56,0.0,26,28262,buy
13:08:36,10.87,+0.56,0.01,1,1087,buy
13:08:33,10.86,+0.46,0.0,821,891606,sell
13:08:30,10.86,+0.46,0.0,1416,1538775,buy
13:08:27,10.86,+0.46,0.0,89,96654,buy
13:08:24,10.86,+0.46,0.0,31,33666,buy
13:08:24,10.86,+0.46,0.0,31,33666,norm
13:08:24,10.86,+0.46,0.0,31,33666,buy
13:08:21,10.86,+0.46,-0.01,835,906897,sell
13:08:18,10.87,+0.56,0.02,1204,1309748,buy
13:08:15,10.85,+0.37,-0.01,2293,2487905,sell
13:08:12,10.86,+0.46,0.0,301,326886,buy
13:08:09,10.86,+0.46,0.01,10,10860,buy
13:08:06,10.85,+0.37,0.0,852,924637,sell
13:08:03,10.85,+0.37,0.0,416,451360,sell
13:08:00,10.85,+0.37,-0.01,205,222425,sell
13:07:54,10.86,+0.46,0.01,106,115116,buy
13:07:51,10.85,+0.37,0.0,366,397110,sell
13:07:48,10.85,+0.37,-0.01,33,35805,sell
13:07:45,10.86,+0.46,0.01,17,18462,buy
13:07:42,10.85,+0.37,0.0,84,91140,sell
13:07:39,10.85,+0.37,0.0,1,1085,sell
13:07:36,10.85,+0.37,0.0,148,160580,sell
13:07:33,10.85,+0.37,0.0,4,4340,sell
13:07:30,10.85,+0.37,0.0,58,62930,sell
13:07:27,10.85,+0.37,-0.01,31,33635,sell
13:07:24,10.86,+0.46,0.0,771,837306,buy
13:07:21,10.86,+0.46,0.0,20,21720,buy
13:07:18,10.86,+0.46,0.01,46,49956,buy
13:07:15,10.85,+0.37,-0.01,102,110670,sell
13:07:12,10.86,+0.46,0.0,34,36924,buy
13:07:06,10.86,+0.46,0.0,19,20634,buy
13:07:03,10.86,+0.46,0.01,10,11077,sell
13:07:00,10.85,+0.37,-0.02,126,136775,sell
13:06:57,10.87,+0.56,0.01,2757,2996859,buy
13:06:54,10.86,+0.46,0.0,99,107514,buy
13:06:51,10.86,+0.46,0.01,13,14118,buy
13:06:48,10.85,+0.37,-0.01,94,101990,sell
13:06:45,10.86,+0.46,0.0,79,85794,buy
13:06:42,10.86,+0.46,0.0,501,544738,sell
13:06:39,10.86,+0.46,-0.01,224,243698,sell
13:06:36,10.87,+0.56,0.01,137,148919,buy
13:06:33,10.86,+0.46,-0.01,45,48870,sell
13:06:30,10.87,+0.56,0.0,53,57611,buy
13:06:27,10.87,+0.56,0.01,731,794597,buy
13:06:24,10.86,+0.46,-0.01,95,103170,sell
13:06:21,10.87,+0.56,0.0,44,47828,buy
13:06:18,10.87,+0.56,0.0,20,21740,buy
13:06:15,10.87,+0.56,0.01,19,20653,buy
13:06:12,10.86,+0.46,-0.01,10,10860,sell
13:06:09,10.87,+0.56,0.0,1,1087,buy
13:06:06,10.87,+0.56,0.01,1,1087,buy
13:06:03,10.86,+0.46,0.0,1566,1700676,sell
13:06:00,10.86,+0.46,-0.01,70,76020,sell
13:05:57,10.87,+0.56,0.0,25,27175,buy
13:05:54,10.87,+0.56,0.0,10,10870,buy
13:05:51,10.87,+0.56,0.0,620,674310,sell
13:05:48,10.87,+0.56,0.0,23,25001,sell
13:05:45,10.87,+0.56,0.0,235,255445,sell
13:05:42,10.87,+0.56,-0.01,107,116309,sell
13:05:39,10.88,+0.65,0.01,196,213248,buy
13:05:36,10.87,+0.56,0.0,6,6522,sell
13:05:33,10.87,+0.56,-0.01,180,195660,sell
13:05:30,10.88,+0.65,0.0,81,88128,buy
13:05:24,10.88,+0.65,0.0,54,58752,buy
13:05:21,10.88,+0.65,0.01,46,50048,buy
13:05:18,10.87,+0.56,0.0,81,88047,sell
13:05:18,10.87,+0.56,0.0,81,88047,norm
13:05:18,10.87,+0.56,-0.01,81,88047,sell
13:05:15,10.88,+0.65,0.0,43,46784,buy
13:05:12,10.88,+0.65,0.0,16,17408,buy
13:05:09,10.88,+0.65,0.01,6,6528,buy
13:05:06,10.87,+0.56,-0.01,531,577414,sell
13:05:03,10.88,+0.65,0.01,20,21760,buy
13:05:00,10.87,+0.56,-0.01,1107,1203309,sell
13:04:57,10.88,+0.65,0.0,38,41344,buy
13:04:54,10.88,+0.65,0.0,103,112064,buy
13:04:51,10.88,+0.65,0.0,82,89216,sell
13:04:48,10.88,+0.65,0.0,23,25024,buy
13:04:45,10.88,+0.65,-0.01,27,29376,norm
13:04:42,10.89,+0.74,0.0,83,91465,buy
13:04:39,10.89,+0.74,0.01,53,57728,buy
13:04:36,10.88,+0.65,0.0,68,73984,buy
13:04:33,10.88,+0.65,-0.01,42,46773,sell
13:04:30,10.89,+0.74,0.01,2,2178,buy
13:04:27,10.88,+0.65,0.0,399,434123,buy
13:04:24,10.88,+0.65,0.01,755,821440,buy
13:04:21,10.87,+0.56,-0.01,4,4348,sell
13:04:18,10.88,+0.65,0.01,731,795328,buy
13:04:15,10.87,+0.56,-0.01,65,70655,sell
13:04:12,10.88,+0.65,0.01,142,154496,buy
13:04:09,10.87,+0.56,-0.01,350,380450,sell
13:04:06,10.88,+0.65,0.01,89,96832,buy
13:04:03,10.87,+0.56,-0.01,141,153267,sell
13:04:00,10.88,+0.65,0.01,97,105536,buy
13:03:57,10.87,+0.56,-0.01,100,108700,sell
13:03:54,10.88,+0.65,0.01,3,3264,buy
13:03:51,10.87,+0.56,0.0,756,821772,sell
13:03:48,10.87,+0.56,-0.01,70,76090,sell
13:03:45,10.88,+0.65,0.0,8,8704,buy
13:03:42,10.88,+0.65,0.0,52,56576,buy
13:03:39,10.88,+0.65,0.0,951,1034688,buy
13:03:36,10.88,+0.65,0.01,27,29376,buy
13:03:33,10.87,+0.56,-0.01,19,20653,sell
13:03:30,10.88,+0.65,0.01,652,709376,buy
13:03:27,10.87,+0.56,0.0,65,70655,sell
13:03:24,10.87,+0.56,0.0,141,153267,sell
13:03:21,10.87,+0.56,0.0,89,96743,sell
13:03:18,10.87,+0.56,0.0,70,76090,sell
13:03:15,10.87,+0.56,0.0,108,117396,sell
13:03:12,10.87,+0.56,0.0,176,191312,sell
13:03:09,10.87,+0.56,0.0,198,215226,sell
13:03:06,10.87,+0.56,0.0,696,756552,sell
13:03:03,10.87,+0.56,0.0,1,1087,sell
13:03:00,10.87,+0.56,0.0,10,10870,sell
13:02:57,10.87,+0.56,-0.01,123,133701,sell
13:02:54,10.88,+0.65,0.0,49,53312,buy
13:02:51,10.88,+0.65,0.0,107,116416,buy
13:02:48,10.88,+0.65,0.0,739,804032,buy
13:02:45,10.88,+0.65,0.01,96,104448,buy
13:02:42,10.87,+0.56,-0.01,334,363058,sell
13:02:39,10.88,+0.65,0.0,28,30464,buy
13:02:36,10.88,+0.65,0.01,13,14144,buy
13:02:33,10.87,+0.56,-0.01,52,56524,sell
13:02:30,10.88,+0.65,0.0,134,145792,buy
13:02:27,10.88,+0.65,0.0,29,31552,buy
13:02:24,10.88,+0.65,0.01,1640,1784320,buy
13:02:21,10.87,+0.56,-0.01,100,108700,sell
13:02:18,10.88,+0.65,0.0,40,43520,buy
13:02:15,10.88,+0.65,0.0,305,331840,buy
13:02:12,10.88,+0.65,0.0,116,126208,buy
13:02:12,10.88,+0.65,0.0,116,126208,norm
13:02:12,10.88,+0.65,0.01,116,126208,buy
13:02:09,10.87,+0.56,-0.01,249,270663,sell
13:02:06,10.88,+0.65,0.01,111,121268,buy
13:02:03,10.87,+0.56,-0.01,3230,3511010,sell
13:02:00,10.88,+0.65,0.0,130,141440,buy
13:01:57,10.88,+0.65,0.01,51,55488,buy
13:01:54,10.87,+0.56,0.0,523,568501,buy
13:01:51,10.87,+0.56,0.0,535,581545,buy
13:01:48,10.87,+0.56,0.01,118,128266,buy
13:01:45,10.86,+0.46,0.0,6364,6911304,sell
13:01:42,10.86,+0.46,0.0,14,15204,buy
13:01:39,10.86,+0.46,0.01,84,91224,buy
13:01:36,10.85,+0.37,0.0,293,318469,sell
13:01:33,10.85,+0.37,-0.01,72,78120,norm
13:01:30,10.86,+0.46,0.02,538,584268,buy
13:01:27,10.84,+0.28,-0.01,514,557176,sell
13:01:24,10.85,+0.37,0.01,231,250635,buy
13:01:21,10.84,+0.28,0.0,10,10840,sell
13:01:18,10.84,+0.28,-0.02,107,115988,sell
13:01:15,10.86,+0.46,0.0,80,86880,buy
13:01:12,10.86,+0.46,0.02,1036,1125096,buy
13:01:09,10.84,+0.28,-0.01,251,272084,sell
13:01:06,10.85,+0.37,0.0,1908,2070180,buy
13:01:03,10.85,+0.37,0.0,143,155155,buy
13:01:00,10.85,+0.37,0.0,21,22785,buy
13:00:57,10.85,+0.37,0.0,76,83111,buy
13:00:54,10.85,+0.37,0.0,79,85715,buy
13:00:51,10.85,+0.37,0.0,569,617365,sell
13:00:48,10.85,+0.37,0.01,94,101990,norm
13:00:45,10.84,+0.28,0.0,21,22764,sell
13:00:42,10.84,+0.28,-0.01,45,48780,sell
13:00:39,10.85,+0.37,-0.02,11,11935,buy
13:00:36,10.87,+0.56,0.0,15,16305,buy
13:00:33,10.87,+0.56,0.0,50,54350,buy
13:00:30,10.87,+0.56,0.03,2,2174,buy
13:00:27,10.84,+0.28,-0.03,5,5420,sell
13:00:24,10.87,+0.56,0.03,101,109787,buy
13:00:21,10.84,+0.28,-0.03,32,34688,sell
13:00:18,10.87,+0.56,0.02,50,54350,buy
13:00:15,10.85,+0.37,0.0,288,312480,buy
13:00:12,10.85,+0.37,0.0,27,29295,buy
13:00:09,10.85,+0.37,0.0,468,507780,sell
13:00:06,10.85,+0.37,0.0,257,278845,buy
13:00:03,10.85,+0.37,-0.03,16146,17519278,sell
13:00:00,10.88,+0.65,0.0,70,76160,sell
11:30:00,10.88,+0.65,0.0,178,193664,sell
11:29:57,10.88,+0.65,0.0,8,8704,sell
11:29:54,10.88,+0.65,-0.02,35,38080,sell
11:29:51,10.9,+0.83,0.01,75,81750,buy
11:29:48,10.89,+0.74,0.0,868,945252,sell
11:29:45,10.89,+0.74,0.0,182,198198,sell
11:29:42,10.89,+0.74,0.0,21,22869,sell
11:29:39,10.89,+0.74,0.0,885,963765,sell
11:29:36,10.89,+0.74,0.0,20,21780,sell
11:29:33,10.89,+0.74,0.0,1169,1273041,sell
11:29:30,10.89,+0.74,0.0,113,123057,sell
11:29:27,10.89,+0.74,0.0,790,860310,sell
11:29:24,10.89,+0.74,-0.01,42,45738,sell
11:29:21,10.9,+0.83,0.0,5,5450,buy
11:29:15,10.9,+0.83,0.0,104,113360,buy
11:29:12,10.9,+0.83,0.0,181,197290,sell
11:29:09,10.9,+0.83,0.0,236,257240,sell
11:29:06,10.9,+0.83,0.0,22,23980,sell
11:29:06,10.9,+0.83,0.0,22,23980,norm
11:29:06,10.9,+0.83,0.0,22,23980,sell
11:29:03,10.9,+0.83,0.01,100,109000,buy
11:29:00,10.89,+0.74,-0.01,107,116523,sell
11:28:57,10.9,+0.83,0.0,37,40330,sell
11:28:54,10.9,+0.83,0.0,85,92650,buy
11:28:51,10.9,+0.83,0.0,1,1090,buy
11:28:48,10.9,+0.83,0.0,25,27250,buy
11:28:45,10.9,+0.83,0.01,1999,2178910,buy
11:28:42,10.89,+0.74,0.0,60,65340,sell
11:28:39,10.89,+0.74,-0.01,236,257222,sell
11:28:36,10.9,+0.83,0.0,5,5450,buy
11:28:33,10.9,+0.83,0.01,1,1090,buy
11:28:30,10.89,+0.74,-0.01,143,155727,sell
11:28:27,10.9,+0.83,0.01,2006,2186540,buy
11:28:24,10.89,+0.74,0.01,239,260271,buy
11:28:21,10.88,+0.65,0.0,48,52224,sell
11:28:18,10.88,+0.65,-0.01,70,76160,sell
11:28:15,10.89,+0.74,-0.01,43,46827,sell
11:28:12,10.9,+0.83,0.01,31,33790,buy
11:28:09,10.89,+0.74,0.0,111,120879,sell
11:28:06,10.89,+0.74,0.01,89,96921,buy
11:28:03,10.88,+0.65,0.0,3,3264,sell
11:28:00,10.88,+0.65,-0.01,172,187136,sell
11:27:57,10.89,+0.74,-0.01,323,351747,sell
11:27:54,10.9,+0.83,0.01,400,436000,buy
11:27:51,10.89,+0.74,0.01,76,82764,buy
11:27:48,10.88,+0.65,-0.01,51,55488,sell
11:27:45,10.89,+0.74,0.0,104,113256,buy
11:27:42,10.89,+0.74,0.0,17,18513,buy
11:27:39,10.89,+0.74,0.0,321,349569,sell
11:27:36,10.89,+0.74,0.0,25,27225,sell
11:27:33,10.89,+0.74,-0.01,19,20691,sell
11:27:30,10.9,+0.83,0.01,149,162410,buy
11:27:27,10.89,+0.74,0.0,15,16335,sell
11:27:24,10.89,+0.74,0.0,23,25047,sell
11:27:21,10.89,+0.74,0.01,168,183388,buy
11:27:18,10.88,+0.65,-0.01,1,1088,sell
11:27:15,10.89,+0.74,0.0,42,46391,sell
11:27:12,10.89,+0.74,0.0,56,60984,sell
11:27:09,10.89,+0.74,0.0,33,35937,sell
11:27:06,10.89,+0.74,0.0,37,40729,sell
11:27:03,10.89,+0.74,0.0,50,54450,sell
11:27:00,10.89,+0.74,0.0,83,90387,sell
11:26:57,10.89,+0.74,0.0,594,646866,sell
11:26:54,10.89,+0.74,-0.01,16,17424,sell
11:26:51,10.9,+0.83,0.01,2,2180,buy
11:26:48,10.89,+0.74,0.0,337,366993,sell
11:26:45,10.89,+0.74,0.0,126,137214,sell
11:26:42,10.89,+0.74,0.0,55,59895,sell
11:26:39,10.89,+0.74,-0.01,82,89298,sell
11:26:36,10.9,+0.83,-0.01,56,61040,sell
11:26:33,10.91,+0.93,0.0,3326,3628666,buy
11:26:30,10.91,+0.93,0.01,167,182197,buy
11:26:27,10.9,+0.83,0.0,4525,4932250,sell
11:26:24,10.9,+0.83,-0.01,35,38150,sell
11:26:21,10.91,+0.93,0.01,806,879346,buy
11:26:18,10.9,+0.83,-0.01,64,69760,sell
11:26:15,10.91,+0.93,0.0,2,2182,buy
11:26:12,10.91,+0.93,0.01,9,9819,buy
11:26:09,10.9,+0.83,-0.02,879,958110,sell
11:26:06,10.92,+1.02,0.0,22,24024,buy
11:26:03,10.92,+1.02,0.0,27,29484,buy
11:26:00,10.92,+1.02,0.0,92,100464,buy
11:25:54,10.92,+1.02,0.0,78,85176,norm
11:25:54,10.92,+1.02,0.0,78,85176,buy
11:25:51,10.92,+1.02,0.0,43,46956,buy
11:25:48,10.92,+1.02,0.0,19,20748,buy
11:25:45,10.92,+1.02,0.01,30,32760,buy
11:25:42,10.91,+0.93,-0.01,68,74188,sell
11:25:39,10.92,+1.02,0.0,116,126672,buy
11:25:36,10.92,+1.02,0.0,115,125580,buy
11:25:33,10.92,+1.02,0.01,38,41496,buy
11:25:27,10.91,+0.93,-0.01,55,60005,sell
11:25:24,10.92,+1.02,0.0,436,476986,sell
11:25:21,10.92,+1.02,0.0,24,26208,sell
11:25:18,10.92,+1.02,-0.01,8,8736,sell
11:25:15,10.93,+1.11,0.01,47,51371,buy
11:25:12,10.92,+1.02,0.0,143,156156,sell
11:25:09,10.92,+1.02,-0.01,36,39312,sell
11:25:06,10.93,+1.11,0.01,8,8744,buy
11:25:03,10.92,+1.02,0.0,4,4368,sell
11:25:00,10.92,+1.02,-0.01,8,8736,sell
11:24:57,10.93,+1.11,0.01,1,1093,buy
11:24:54,10.92,+1.02,-0.01,8,8736,sell
11:24:51,10.93,+1.11,0.0,4,4372,buy
11:24:48,10.93,+1.11,-0.01,90,98370,sell
11:24:45,10.94,+1.20,0.01,11,12034,buy
11:24:42,10.93,+1.11,0.0,87,95091,sell
11:24:39,10.93,+1.11,-0.01,4,4372,sell
11:24:36,10.94,+1.20,0.0,303,331482,buy
11:24:33,10.94,+1.20,0.0,47,51418,sell
11:24:30,10.94,+1.20,0.0,2,2188,sell
11:24:27,10.94,+1.20,0.0,319,348986,sell
11:24:24,10.94,+1.20,0.01,70,76580,norm
11:24:21,10.93,+1.11,0.0,374,408782,sell
11:24:18,10.93,+1.11,-0.01,69,75417,sell
11:24:15,10.94,+1.20,0.0,1109,1213246,buy
11:24:12,10.94,+1.20,0.01,1,1094,buy
11:24:09,10.93,+1.11,0.0,10,10930,sell
11:24:06,10.93,+1.11,0.0,122,133346,sell
11:24:03,10.93,+1.11,0.01,4,4809,buy
11:24:00,10.92,+1.02,-0.01,12,13104,sell
11:23:57,10.93,+1.11,0.0,24,26232,sell
11:23:54,10.93,+1.11,0.01,234,255762,buy
11:23:51,10.92,+1.02,-0.01,27,29484,sell
11:23:48,10.93,+1.11,0.0,50,54650,buy
11:23:45,10.93,+1.11,0.01,67,73231,buy
11:23:42,10.92,+1.02,0.0,4,4368,sell
11:23:39,10.92,+1.02,-0.01,1155,1261260,sell
11:23:36,10.93,+1.11,0.0,24,26451,buy
11:23:33,10.93,+1.11,0.01,18,19674,buy
11:23:30,10.92,+1.02,0.0,16,17472,sell
11:23:27,10.92,+1.02,-0.01,17,18564,sell
11:23:24,10.93,+1.11,0.01,13,14209,buy
11:23:21,10.92,+1.02,-0.01,48,52416,sell
11:23:18,10.93,+1.11,0.0,6,6558,buy
